

<record>
  <leader>     nz  a22     n  4500</leader>
  <controlfield tag="001">mub20201092946</controlfield>
  <controlfield tag="003">CZ PrNK</controlfield>
  <controlfield tag="005">20201118133321.0</controlfield>
  <controlfield tag="008">201115|n|aznnnaabn           n a|a      </controlfield>
  <datafield tag="040" ind1=" " ind2=" ">
    <subfield code="a">BOD003</subfield>
    <subfield code="b">cze</subfield>
    <subfield code="d">ABA001</subfield>
    <subfield code="e">rda</subfield>
  </datafield>
  <datafield tag="046" ind1=" " ind2=" ">
    <subfield code="f">1966</subfield>
  </datafield>
  <datafield tag="100" ind1="1" ind2=" ">
    <subfield code="a">Schuster, Jan,</subfield>
    <subfield code="d">1966-</subfield>
    <subfield code="7">mub20201092946</subfield>
  </datafield>
  <datafield tag="370" ind1=" " ind2=" ">
    <subfield code="c">Německo</subfield>
    <subfield code="c">Polsko</subfield>
  </datafield>
  <datafield tag="372" ind1=" " ind2=" ">
    <subfield code="a">archeologie</subfield>
    <subfield code="a">prehistorická archeologie</subfield>
    <subfield code="a">klasická archeologie</subfield>
    <subfield code="a">archeologické výzkumy</subfield>
    <subfield code="a">dějiny středověku</subfield>
    <subfield code="a">překlady do němčiny</subfield>
    <subfield code="a">překlady z polštiny</subfield>
  </datafield>
  <datafield tag="374" ind1=" " ind2=" ">
    <subfield code="a">archeologové</subfield>
    <subfield code="a">historici</subfield>
    <subfield code="a">vysokoškolští učitelé</subfield>
    <subfield code="a">překladatelé</subfield>
  </datafield>
  <datafield tag="375" ind1=" " ind2=" ">
    <subfield code="a">muž</subfield>
  </datafield>
  <datafield tag="377" ind1=" " ind2=" ">
    <subfield code="a">ger</subfield>
  </datafield>
  <datafield tag="670" ind1=" " ind2=" ">
    <subfield code="a">Schuster, Jan: Lübsow : Älterkeiserzeitliche Fürstengräber im nördlichen Mitteleuropa, 2010</subfield>
  </datafield>
  <datafield tag="670" ind1=" " ind2=" ">
    <subfield code="a">DNB, cit. 15. 11. 2020</subfield>
    <subfield code="b">autoritní forma, datum narození, biografické údaje</subfield>
  </datafield>
  <datafield tag="670" ind1=" " ind2=" ">
    <subfield code="a">BNF, cit. 15. 11. 2020</subfield>
    <subfield code="b">národnost</subfield>
  </datafield>
  <datafield tag="670" ind1=" " ind2=" ">
    <subfield code="a">www(Wydział Filozoficzno-Historyczny, Uniwersytet Łódzki), cit. 15. 11. 2020</subfield>
    <subfield code="b">profesní údaje</subfield>
  </datafield>
  <datafield tag="678" ind1="0" ind2=" ">
    <subfield code="a">Německý archeolog a historik, vysokoškolský pedagog na Archeologickém ústavu univerzity v Lodži, překladatel odborných textů z polštiny do němčiny.</subfield>
  </datafield>
  <datafield tag="906" ind1=" " ind2=" ">
    <subfield code="a">za20201115</subfield>
    <subfield code="b">krekovax</subfield>
  </datafield>
  <datafield tag="906" ind1=" " ind2=" ">
    <subfield code="a">ko20201117</subfield>
    <subfield code="b">pospel</subfield>
  </datafield>
  <datafield tag="906" ind1=" " ind2=" ">
    <subfield code="a">vr20201118</subfield>
    <subfield code="b">maku</subfield>
  </datafield>
</record>