

<record>
  <leader>     nz  a22     n  4500</leader>
  <controlfield tag="001">mub20201092947</controlfield>
  <controlfield tag="003">CZ PrNK</controlfield>
  <controlfield tag="005">20201116103921.0</controlfield>
  <controlfield tag="008">201115|n|aznnnaabn           n a|a      </controlfield>
  <datafield tag="040" ind1=" " ind2=" ">
    <subfield code="a">BOD114</subfield>
    <subfield code="b">cze</subfield>
    <subfield code="d">ABA001</subfield>
    <subfield code="e">rda</subfield>
  </datafield>
  <datafield tag="046" ind1=" " ind2=" ">
    <subfield code="f">1968</subfield>
  </datafield>
  <datafield tag="100" ind1="1" ind2=" ">
    <subfield code="a">Kwiatkiewicz, Piotr,</subfield>
    <subfield code="d">1968-</subfield>
    <subfield code="7">mub20201092947</subfield>
  </datafield>
  <datafield tag="370" ind1=" " ind2=" ">
    <subfield code="c">Polsko</subfield>
  </datafield>
  <datafield tag="372" ind1=" " ind2=" ">
    <subfield code="a">energetická politika</subfield>
    <subfield code="a">energetická bezpečnost</subfield>
    <subfield code="a">bezpečnostní inženýrství</subfield>
    <subfield code="a">politologie</subfield>
    <subfield code="a">mezinárodní vztahy</subfield>
  </datafield>
  <datafield tag="374" ind1=" " ind2=" ">
    <subfield code="a">bezpečnostní inženýři</subfield>
    <subfield code="a">politologové</subfield>
    <subfield code="a">vysokoškolští učitelé</subfield>
  </datafield>
  <datafield tag="375" ind1=" " ind2=" ">
    <subfield code="a">muž</subfield>
  </datafield>
  <datafield tag="377" ind1=" " ind2=" ">
    <subfield code="a">pol</subfield>
  </datafield>
  <datafield tag="400" ind1="1" ind2=" ">
    <subfield code="a">Kvâtkevič, Petr,</subfield>
    <subfield code="d">1968-</subfield>
    <subfield code="0">o</subfield>
  </datafield>
  <datafield tag="670" ind1=" " ind2=" ">
    <subfield code="a">Bezpieczeństwo energetyczne : rynki surowców i energii (Piotr Kwiatkiewicz (pod red.)), 2011</subfield>
  </datafield>
  <datafield tag="670" ind1=" " ind2=" ">
    <subfield code="a">NUKAT, 15. 11. 2020</subfield>
    <subfield code="b">autoritní forma, odkaz viz, datum narození</subfield>
  </datafield>
  <datafield tag="670" ind1=" " ind2=" ">
    <subfield code="a">BNPL, 15. 11. 2020</subfield>
    <subfield code="b">publikační zaměření, profesní údaje</subfield>
  </datafield>
  <datafield tag="678" ind1="0" ind2=" ">
    <subfield code="a">Polský bezpečnostní inženýr a politolog, profesor politologie a mezinárodních vztahů na Institutu Politologie.</subfield>
  </datafield>
  <datafield tag="906" ind1=" " ind2=" ">
    <subfield code="a">ko20201115</subfield>
    <subfield code="b">pospel</subfield>
  </datafield>
  <datafield tag="906" ind1=" " ind2=" ">
    <subfield code="a">vr20201116</subfield>
    <subfield code="b">maku</subfield>
  </datafield>
</record>