

<record>
  <leader>     nz  a22     n  4500</leader>
  <controlfield tag="001">ko20201092955</controlfield>
  <controlfield tag="003">CZ PrNK</controlfield>
  <controlfield tag="005">20201116084710.0</controlfield>
  <controlfield tag="008">201116|n|aznnnaabn           n a|a      </controlfield>
  <datafield tag="040" ind1=" " ind2=" ">
    <subfield code="a">ABA001</subfield>
    <subfield code="b">cze</subfield>
    <subfield code="e">rda</subfield>
  </datafield>
  <datafield tag="110" ind1="2" ind2=" ">
    <subfield code="a">Zemský pomologický ústav</subfield>
    <subfield code="7">ko20201092955</subfield>
  </datafield>
  <datafield tag="368" ind1=" " ind2=" ">
    <subfield code="a">vědecké ústavy</subfield>
    <subfield code="a">vědecké instituce a organizace</subfield>
    <subfield code="a">vzdělávací instituce a organizace</subfield>
  </datafield>
  <datafield tag="370" ind1=" " ind2=" ">
    <subfield code="c">Česko</subfield>
    <subfield code="e">Troja, Praha, Česko</subfield>
    <subfield code="e">Praha, Česko</subfield>
    <subfield code="e">Československo</subfield>
  </datafield>
  <datafield tag="372" ind1=" " ind2=" ">
    <subfield code="a">pomologie</subfield>
    <subfield code="a">vědecký výzkum</subfield>
    <subfield code="a">odborné vzdělávání</subfield>
  </datafield>
  <datafield tag="377" ind1=" " ind2=" ">
    <subfield code="a">cze</subfield>
    <subfield code="a">ger</subfield>
  </datafield>
  <datafield tag="410" ind1="2" ind2=" ">
    <subfield code="a">Zemský pomologický ústav v Tróji</subfield>
    <subfield code="0">o</subfield>
  </datafield>
  <datafield tag="410" ind1="2" ind2=" ">
    <subfield code="a">Pomologický ústav v Tróji</subfield>
    <subfield code="0">o</subfield>
  </datafield>
  <datafield tag="510" ind1="2" ind2=" ">
    <subfield code="w">a</subfield>
    <subfield code="a">Královský český zemský pomologický ústav</subfield>
    <subfield code="7">ko20201092712</subfield>
  </datafield>
  <datafield tag="665" ind1=" " ind2=" ">
    <subfield code="a">Tento název se používal v letech 1918-1949. Dřívější název: Královský český zemský pomologický ústav (1885-1918).</subfield>
  </datafield>
  <datafield tag="670" ind1=" " ind2=" ">
    <subfield code="a">www(Zahradnictví - Pomologický ústav v Troji a Ruzyni - výročí vzniku a zániku), cit. 16.11. 2020</subfield>
    <subfield code="u">https://www.zahradaweb.cz/pomologicky-ustav-v-troji-a-ruzyni-vyroci-vzniku-a-zaniku</subfield>
  </datafield>
  <datafield tag="678" ind1=" " ind2=" ">
    <subfield code="a">Za protektorátu byl Zemský pomologický ústav přejmenován na Ovocnicko-zahradnickou školu, po válce opět na Zemský pomologický ústav a od roku 1949 na Zahradnickou školu. V roce 1952 byla škola přemístěna do Děčína-Libverdy a přejmenována na Zemědělskou mistrovskou školu zahradnickou. Nakonec splynula se Střední zahradnickou školou, která byla do Libverdy přemístěna z Lednice na Moravě.</subfield>
  </datafield>
  <datafield tag="906" ind1=" " ind2=" ">
    <subfield code="a">br20201116</subfield>
    <subfield code="b">svsv</subfield>
  </datafield>
</record>