

<record>
  <leader>     nz  a22     n  4500</leader>
  <datafield tag="900" ind1=" " ind2=" ">
    <subfield code="a">*K-NÁVRH</subfield>
  </datafield>
  <controlfield tag="001">osa20201092958</controlfield>
  <controlfield tag="003">CZ PrNK</controlfield>
  <controlfield tag="005">20201116095207.0</controlfield>
  <controlfield tag="008">201116|n|aznnnaabn           n a|a      </controlfield>
  <datafield tag="040" ind1=" " ind2=" ">
    <subfield code="a">OSA001</subfield>
    <subfield code="b">cze</subfield>
    <subfield code="e">rda</subfield>
  </datafield>
  <datafield tag="110" ind1="2" ind2=" ">
    <subfield code="a">Mušketýři &amp; Bandité (umělecká skupina)</subfield>
    <subfield code="7">osa20201092958</subfield>
  </datafield>
  <datafield tag="370" ind1=" " ind2=" ">
    <subfield code="c">Česko</subfield>
  </datafield>
  <datafield tag="372" ind1=" " ind2=" ">
    <subfield code="a">šerm</subfield>
  </datafield>
  <datafield tag="372" ind1=" " ind2=" ">
    <subfield code="a">historický šerm</subfield>
  </datafield>
  <datafield tag="410" ind1="2" ind2=" ">
    <subfield code="a">Skupina historického šermu Mušketýři &amp; Bandité</subfield>
    <subfield code="0">o</subfield>
  </datafield>
  <datafield tag="670" ind1=" " ind2=" ">
    <subfield code="a">Šolc, Michal:Nestor českého šermu Josef Šolc. (2020)</subfield>
    <subfield code="b">Odkazy viz, poznámky.</subfield>
  </datafield>
  <datafield tag="670" ind1=" " ind2=" ">
    <subfield code="a">www (Česká zemská šermírna); cit. 16. 11. 2020</subfield>
    <subfield code="b">Autoritní forma, odkazy viz, poznámky.</subfield>
  </datafield>
  <datafield tag="678" ind1=" " ind2=" ">
    <subfield code="a">Činnost pod tímto názvem od roku 1962 do roku 1997.</subfield>
  </datafield>
  <datafield tag="906" ind1=" " ind2=" ">
    <subfield code="a">za20201116</subfield>
    <subfield code="b">KOZE</subfield>
  </datafield>
</record>