

<record>
  <leader>     nz  a22     n  4500</leader>
  <controlfield tag="001">xx0254047</controlfield>
  <controlfield tag="003">CZ PrNK</controlfield>
  <controlfield tag="005">20201118050936.0</controlfield>
  <controlfield tag="008">201116|n|aznnnaabn           n a|a      </controlfield>
  <datafield tag="040" ind1=" " ind2=" ">
    <subfield code="a">ABA008</subfield>
    <subfield code="b">cze</subfield>
    <subfield code="d">ABA001</subfield>
    <subfield code="e">rda</subfield>
  </datafield>
  <datafield tag="100" ind1="1" ind2=" ">
    <subfield code="a">Šusta, Jiří</subfield>
    <subfield code="7">xx0254047</subfield>
  </datafield>
  <datafield tag="368" ind1=" " ind2=" ">
    <subfield code="d">Ing.</subfield>
  </datafield>
  <datafield tag="370" ind1=" " ind2=" ">
    <subfield code="c">Česko</subfield>
  </datafield>
  <datafield tag="372" ind1=" " ind2=" ">
    <subfield code="a">podniková ekonomika</subfield>
    <subfield code="a">účetnictví</subfield>
    <subfield code="a">organizace a řízení</subfield>
  </datafield>
  <datafield tag="374" ind1=" " ind2=" ">
    <subfield code="a">poradci</subfield>
    <subfield code="a">ekonomičtí poradci</subfield>
  </datafield>
  <datafield tag="375" ind1=" " ind2=" ">
    <subfield code="a">muž</subfield>
  </datafield>
  <datafield tag="377" ind1=" " ind2=" ">
    <subfield code="a">cze</subfield>
  </datafield>
  <datafield tag="670" ind1=" " ind2=" ">
    <subfield code="a">Šusta, Jiří: Kalkulace cen v ordinaci zubního lékaře. LKS, 2010, roč. 20, č. 10, s. S 98-S 99.</subfield>
    <subfield code="b">autoritní forma, titul Ing.</subfield>
  </datafield>
  <datafield tag="670" ind1=" " ind2=" ">
    <subfield code="a">www(Ing. Jiří Šusta - Dual), cit. 16. 11. 2020</subfield>
    <subfield code="b">profese</subfield>
  </datafield>
  <datafield tag="678" ind1="0" ind2=" ">
    <subfield code="a">Ing., ekonomický, účetní a organizační poradce, zaměřen na oblast soukromých lékařských praxí (Ing. Jiří Šusta - Dual s.r.o., Pardubice).</subfield>
  </datafield>
  <datafield tag="906" ind1=" " ind2=" ">
    <subfield code="a">za20201116</subfield>
    <subfield code="b">xdapi</subfield>
  </datafield>
  <datafield tag="906" ind1=" " ind2=" ">
    <subfield code="a">fr20201118</subfield>
    <subfield code="b">lisi</subfield>
  </datafield>
</record>