

<record>
  <leader>     nz  a22     n  4500</leader>
  <controlfield tag="001">xx0254052</controlfield>
  <controlfield tag="003">CZ PrNK</controlfield>
  <controlfield tag="005">20201118051520.0</controlfield>
  <controlfield tag="008">201116|n|aznnnaabn           n a|a      </controlfield>
  <datafield tag="040" ind1=" " ind2=" ">
    <subfield code="a">ABA008</subfield>
    <subfield code="b">cze</subfield>
    <subfield code="d">ABA001</subfield>
    <subfield code="e">rda</subfield>
  </datafield>
  <datafield tag="100" ind1="1" ind2=" ">
    <subfield code="a">Šuster, Pavel</subfield>
    <subfield code="7">xx0254052</subfield>
  </datafield>
  <datafield tag="368" ind1=" " ind2=" ">
    <subfield code="d">MUDr.</subfield>
    <subfield code="s">2000</subfield>
  </datafield>
  <datafield tag="370" ind1=" " ind2=" ">
    <subfield code="c">Česko</subfield>
  </datafield>
  <datafield tag="372" ind1=" " ind2=" ">
    <subfield code="a">lékařství</subfield>
    <subfield code="a">gynekologie</subfield>
    <subfield code="a">porodnictví</subfield>
  </datafield>
  <datafield tag="374" ind1=" " ind2=" ">
    <subfield code="a">lékaři</subfield>
    <subfield code="a">gynekologové</subfield>
    <subfield code="a">porodníci</subfield>
  </datafield>
  <datafield tag="375" ind1=" " ind2=" ">
    <subfield code="a">muž</subfield>
  </datafield>
  <datafield tag="377" ind1=" " ind2=" ">
    <subfield code="a">cze</subfield>
  </datafield>
  <datafield tag="670" ind1=" " ind2=" ">
    <subfield code="a">Šuster, Pavel: Gynekologové odhalují kolorektální karcinomy. Medical tribune, 2010, roč. 6, č. 16, s. C7.</subfield>
    <subfield code="b">autoritní forma, titul MUDr., působiště</subfield>
  </datafield>
  <datafield tag="670" ind1=" " ind2=" ">
    <subfield code="a">www(Česká lékařská komora), cit. 16. 11. 2020</subfield>
    <subfield code="b">rok získání MUDr., specializace, pracoviště</subfield>
  </datafield>
  <datafield tag="678" ind1="0" ind2=" ">
    <subfield code="a">MUDr., gynekolog, porodník ( MUDr. Šuster Pavel spol s r.o., Jihlava).</subfield>
  </datafield>
  <datafield tag="906" ind1=" " ind2=" ">
    <subfield code="a">za20201116</subfield>
    <subfield code="b">xdapi</subfield>
  </datafield>
  <datafield tag="906" ind1=" " ind2=" ">
    <subfield code="a">fr20201118</subfield>
    <subfield code="b">lisi</subfield>
  </datafield>
</record>