

<record>
  <leader>     nz  a22     n  4500</leader>
  <controlfield tag="001">aun20201093006</controlfield>
  <controlfield tag="003">CZ PrNK</controlfield>
  <controlfield tag="005">20201116143824.0</controlfield>
  <controlfield tag="008">201116|n|aznnnaabn           n a|a      </controlfield>
  <datafield tag="040" ind1=" " ind2=" ">
    <subfield code="a">ABA001</subfield>
    <subfield code="b">cze</subfield>
    <subfield code="e">rda</subfield>
  </datafield>
  <datafield tag="100" ind1="1" ind2=" ">
    <subfield code="a">Caldara, Antonio,</subfield>
    <subfield code="d">1670-1736.</subfield>
    <subfield code="t">Amor non ha legge</subfield>
    <subfield code="7">aun20201093006</subfield>
  </datafield>
  <datafield tag="380" ind1=" " ind2=" ">
    <subfield code="a">opery</subfield>
  </datafield>
  <datafield tag="670" ind1=" " ind2=" ">
    <subfield code="a">L'amor non ha legge, Praha, 2019</subfield>
  </datafield>
  <datafield tag="670" ind1=" " ind2=" ">
    <subfield code="a">Grove music online, cit. 25. 8. 2020</subfield>
    <subfield code="b">(Operas; Amor non ha legge (favola pastorale, 3, Blinoni), Jaroměřice, Schloss Questenberg, aut. 1728, Wgm*)</subfield>
  </datafield>
  <datafield tag="906" ind1=" " ind2=" ">
    <subfield code="a">br20201116</subfield>
    <subfield code="b">toko</subfield>
  </datafield>
</record>