

<record>
  <leader>     nz  a22     n  4500</leader>
  <datafield tag="900" ind1=" " ind2=" ">
    <subfield code="a">*K-NÁVRH</subfield>
  </datafield>
  <controlfield tag="001">ntk20201093007</controlfield>
  <controlfield tag="003">CZ PrNK</controlfield>
  <controlfield tag="005">20201116144005.0</controlfield>
  <controlfield tag="008">201116|n|aznnnaabn           n a|a      </controlfield>
  <datafield tag="040" ind1=" " ind2=" ">
    <subfield code="a">ABA013</subfield>
    <subfield code="b">cze</subfield>
    <subfield code="e">rda</subfield>
  </datafield>
  <datafield tag="111" ind1="2" ind2=" ">
    <subfield code="a">International Conference "From Nanostructures, Nanomaterials and Nanotechnologies to Nanoindustry"</subfield>
    <subfield code="n">(4. :</subfield>
    <subfield code="d">2013 :</subfield>
    <subfield code="c">Iževsk, Rusko)</subfield>
    <subfield code="7">ntk20201093007</subfield>
  </datafield>
  <datafield tag="368" ind1=" " ind2=" ">
    <subfield code="a">konference</subfield>
    <subfield code="a">mezinárodní konference</subfield>
  </datafield>
  <datafield tag="370" ind1=" " ind2=" ">
    <subfield code="c">Rusko</subfield>
    <subfield code="e">Iževsk, Rusko</subfield>
  </datafield>
  <datafield tag="372" ind1=" " ind2=" ">
    <subfield code="a">nanotechnologie</subfield>
  </datafield>
  <datafield tag="377" ind1=" " ind2=" ">
    <subfield code="a">eng</subfield>
  </datafield>
  <datafield tag="411" ind1="2" ind2=" ">
    <subfield code="a">From Nanostructures, Nanomaterials and Nanotechnologies to Nanoindustry</subfield>
    <subfield code="n">(4. :</subfield>
    <subfield code="d">2013 :</subfield>
    <subfield code="c">Iževsk, Rusko)</subfield>
    <subfield code="0">o</subfield>
  </datafield>
  <datafield tag="670" ind1=" " ind2=" ">
    <subfield code="a">LC (Names), cit. 16. 11. 2020</subfield>
    <subfield code="b">autoritní forma, odkaz viz</subfield>
  </datafield>
  <datafield tag="670" ind1=" " ind2=" ">
    <subfield code="a">Kodolov, Vladimir I. - Zaikov, Gennedy E. - Haghi, A.K. (eds.): Nanostructures, nanomaterials, and nanotechnologies to nanoindustry, 2014</subfield>
  </datafield>
  <datafield tag="906" ind1=" " ind2=" ">
    <subfield code="a">za20201116</subfield>
    <subfield code="b">jasw</subfield>
  </datafield>
</record>