

<record>
  <leader>     nz  a22     n  4500</leader>
  <controlfield tag="001">aun20201093012</controlfield>
  <controlfield tag="003">CZ PrNK</controlfield>
  <controlfield tag="005">20201116144342.0</controlfield>
  <controlfield tag="008">201116|n|aznnnaabn           n a|a      </controlfield>
  <datafield tag="040" ind1=" " ind2=" ">
    <subfield code="a">ABA001</subfield>
    <subfield code="b">cze</subfield>
    <subfield code="e">rda</subfield>
  </datafield>
  <datafield tag="100" ind1="1" ind2=" ">
    <subfield code="a">Karg-Elert, Sigfrid,</subfield>
    <subfield code="d">1877-1933.</subfield>
    <subfield code="t">Choral-Improvisationen,</subfield>
    <subfield code="n">op. 65.</subfield>
    <subfield code="p">O Gott, du frommer Gott (č. 50)</subfield>
    <subfield code="7">aun20201093012</subfield>
  </datafield>
  <datafield tag="382" ind1="0" ind2=" ">
    <subfield code="a">varhany</subfield>
    <subfield code="n">1</subfield>
    <subfield code="s">1</subfield>
  </datafield>
  <datafield tag="383" ind1=" " ind2=" ">
    <subfield code="b">op. 65, č. 50</subfield>
  </datafield>
  <datafield tag="400" ind1="1" ind2=" ">
    <subfield code="a">Karg-Elert, Sigfrid,</subfield>
    <subfield code="d">1877-1933.</subfield>
    <subfield code="t">O Gott, du frommer Gott</subfield>
    <subfield code="n">op. 65, č. 50</subfield>
    <subfield code="0">o</subfield>
  </datafield>
  <datafield tag="400" ind1="1" ind2=" ">
    <subfield code="a">Karg-Elert, Sigfrid,</subfield>
    <subfield code="d">1877-1933.</subfield>
    <subfield code="t">O Gott, du frommer Gott</subfield>
    <subfield code="n">č. 2</subfield>
    <subfield code="0">o</subfield>
  </datafield>
  <datafield tag="670" ind1=" " ind2=" ">
    <subfield code="a">Varhany u Sv. Ludmily v Praze, Praha, 2018</subfield>
  </datafield>
  <datafield tag="670" ind1=" " ind2=" ">
    <subfield code="a">LC (Names), cit. 16. 9. 2020</subfield>
  </datafield>
  <datafield tag="906" ind1=" " ind2=" ">
    <subfield code="a">br20201116</subfield>
    <subfield code="b">toko</subfield>
  </datafield>
</record>