

<record>
  <leader>     nz  a22     n  4500</leader>
  <controlfield tag="001">aun20201093015</controlfield>
  <controlfield tag="003">CZ PrNK</controlfield>
  <controlfield tag="005">20201116144719.0</controlfield>
  <controlfield tag="008">201116|n|aznnnaabn           n a|a      </controlfield>
  <datafield tag="040" ind1=" " ind2=" ">
    <subfield code="a">ABA001</subfield>
    <subfield code="b">cze</subfield>
    <subfield code="e">rda</subfield>
  </datafield>
  <datafield tag="100" ind1="1" ind2=" ">
    <subfield code="a">Seger, Josef Ferdinand Norbert,</subfield>
    <subfield code="d">1716-1782.</subfield>
    <subfield code="t">Varhanní hudba.</subfield>
    <subfield code="k">Výběr</subfield>
    <subfield code="7">aun20201093015</subfield>
  </datafield>
  <datafield tag="381" ind1=" " ind2=" ">
    <subfield code="a">Výběr</subfield>
  </datafield>
  <datafield tag="382" ind1="0" ind2=" ">
    <subfield code="a">varhany</subfield>
    <subfield code="n">1</subfield>
    <subfield code="s">1</subfield>
  </datafield>
  <datafield tag="400" ind1="1" ind2=" ">
    <subfield code="a">Seger, Josef Ferdinand Norbert,</subfield>
    <subfield code="d">1716-1782.</subfield>
    <subfield code="t">Orgelwerken.</subfield>
    <subfield code="k">Výběr</subfield>
    <subfield code="0">o</subfield>
  </datafield>
  <datafield tag="400" ind1="1" ind2=" ">
    <subfield code="a">Seger, Josef Ferdinand Norbert,</subfield>
    <subfield code="d">1716-1782.</subfield>
    <subfield code="t">Organ works.</subfield>
    <subfield code="k">Výběr</subfield>
    <subfield code="0">o</subfield>
  </datafield>
  <datafield tag="400" ind1="1" ind2=" ">
    <subfield code="a">Seger, Josef Ferdinand Norbert,</subfield>
    <subfield code="d">1716-1782.</subfield>
    <subfield code="t">Orgelwerke.</subfield>
    <subfield code="k">Výběr</subfield>
    <subfield code="0">o</subfield>
  </datafield>
  <datafield tag="670" ind1=" " ind2=" ">
    <subfield code="a">Historické varhany křižovnických kostelů, Praha, 2019</subfield>
  </datafield>
  <datafield tag="670" ind1=" " ind2=" ">
    <subfield code="a">LC (Names), cit. 23. 9. 2020</subfield>
  </datafield>
  <datafield tag="906" ind1=" " ind2=" ">
    <subfield code="a">br20201116</subfield>
    <subfield code="b">toko</subfield>
  </datafield>
</record>