

<record>
  <leader>     nz  a22     n  4500</leader>
  <controlfield tag="001">aun20201093018</controlfield>
  <controlfield tag="003">CZ PrNK</controlfield>
  <controlfield tag="005">20201116145258.0</controlfield>
  <controlfield tag="008">201116|n|aznnnaabn           n a|a      </controlfield>
  <datafield tag="040" ind1=" " ind2=" ">
    <subfield code="a">ABA001</subfield>
    <subfield code="b">cze</subfield>
    <subfield code="e">rda</subfield>
  </datafield>
  <datafield tag="100" ind1="1" ind2=" ">
    <subfield code="a">Hesse, Adolf Friedrich,</subfield>
    <subfield code="d">1809-1863.</subfield>
    <subfield code="t">Variace,</subfield>
    <subfield code="m">varhany, 4 ruce,</subfield>
    <subfield code="n">op. 47,</subfield>
    <subfield code="r">A dur</subfield>
    <subfield code="7">aun20201093018</subfield>
  </datafield>
  <datafield tag="380" ind1=" " ind2=" ">
    <subfield code="a">variace (hudba)</subfield>
  </datafield>
  <datafield tag="382" ind1="0" ind2=" ">
    <subfield code="a">varhany</subfield>
    <subfield code="n">2</subfield>
    <subfield code="v">4 ruce</subfield>
    <subfield code="s">2</subfield>
  </datafield>
  <datafield tag="382" ind1="0" ind2=" ">
    <subfield code="a">varhany</subfield>
    <subfield code="n">1</subfield>
    <subfield code="s">1</subfield>
  </datafield>
  <datafield tag="383" ind1=" " ind2=" ">
    <subfield code="b">op. 47</subfield>
  </datafield>
  <datafield tag="384" ind1="0" ind2=" ">
    <subfield code="a">A dur</subfield>
  </datafield>
  <datafield tag="400" ind1="1" ind2=" ">
    <subfield code="a">Hesse, Adolf Friedrich,</subfield>
    <subfield code="d">1809-1863.</subfield>
    <subfield code="t">Variace,</subfield>
    <subfield code="m">varhany,</subfield>
    <subfield code="n">op. 47,</subfield>
    <subfield code="r">A dur</subfield>
    <subfield code="0">o</subfield>
  </datafield>
  <datafield tag="400" ind1="1" ind2=" ">
    <subfield code="a">Hesse, Adolf Friedrich,</subfield>
    <subfield code="d">1809-1863.</subfield>
    <subfield code="t">Einleitung, Thema und Variationen,</subfield>
    <subfield code="m">varhany,</subfield>
    <subfield code="n">op. 47,</subfield>
    <subfield code="r">A dur</subfield>
    <subfield code="0">o</subfield>
  </datafield>
  <datafield tag="400" ind1="1" ind2=" ">
    <subfield code="a">Hesse, Adolf Friedrich,</subfield>
    <subfield code="d">1809-1863.</subfield>
    <subfield code="t">Variationen über ein eigenes Thema</subfield>
    <subfield code="0">o</subfield>
  </datafield>
  <datafield tag="400" ind1="1" ind2=" ">
    <subfield code="a">Hesse, Adolf Friedrich,</subfield>
    <subfield code="d">1809-1863.</subfield>
    <subfield code="t">Variationen über ein Original-Thema,</subfield>
    <subfield code="n">op. 47</subfield>
    <subfield code="0">o</subfield>
  </datafield>
  <datafield tag="667" ind1=" " ind2=" ">
    <subfield code="a">Verze obsazení pro varhany na 2 nebo 4 ruce, není jisté, která je původní.</subfield>
  </datafield>
  <datafield tag="670" ind1=" " ind2=" ">
    <subfield code="a">Historické varhany křižovnických kostelů, Praha, 2019</subfield>
  </datafield>
  <datafield tag="670" ind1=" " ind2=" ">
    <subfield code="a">LC (Names), cit. 23. 9. 2020</subfield>
  </datafield>
  <datafield tag="906" ind1=" " ind2=" ">
    <subfield code="a">br20201116</subfield>
    <subfield code="b">toko</subfield>
  </datafield>
</record>