

<record>
  <leader>     nz  a22     n  4500</leader>
  <controlfield tag="001">aun20201093019</controlfield>
  <controlfield tag="003">CZ PrNK</controlfield>
  <controlfield tag="005">20201116145356.0</controlfield>
  <controlfield tag="008">201116|n|aznnnaabn           n a|a      </controlfield>
  <datafield tag="040" ind1=" " ind2=" ">
    <subfield code="a">ABA001</subfield>
    <subfield code="b">cze</subfield>
    <subfield code="e">rda</subfield>
  </datafield>
  <datafield tag="100" ind1="1" ind2=" ">
    <subfield code="a">Reger, Max,</subfield>
    <subfield code="d">1873-1916.</subfield>
    <subfield code="t">Fantasie und Fuge,</subfield>
    <subfield code="m">varhany,</subfield>
    <subfield code="n">op. 135b,</subfield>
    <subfield code="r">d moll</subfield>
    <subfield code="7">aun20201093019</subfield>
  </datafield>
  <datafield tag="380" ind1=" " ind2=" ">
    <subfield code="a">fantazie (hudba)</subfield>
    <subfield code="a">fugy</subfield>
  </datafield>
  <datafield tag="382" ind1="0" ind2=" ">
    <subfield code="a">varhany</subfield>
    <subfield code="n">1</subfield>
    <subfield code="s">1</subfield>
  </datafield>
  <datafield tag="383" ind1=" " ind2=" ">
    <subfield code="b">op. 135b</subfield>
  </datafield>
  <datafield tag="384" ind1="0" ind2=" ">
    <subfield code="a">d moll</subfield>
  </datafield>
  <datafield tag="400" ind1="1" ind2=" ">
    <subfield code="a">Reger, Max,</subfield>
    <subfield code="d">1873-1916.</subfield>
    <subfield code="t">Fantasy and fugue,</subfield>
    <subfield code="m">varhany,</subfield>
    <subfield code="n">op. 135b,</subfield>
    <subfield code="r">d moll</subfield>
    <subfield code="0">o</subfield>
  </datafield>
  <datafield tag="400" ind1="1" ind2=" ">
    <subfield code="a">Reger, Max,</subfield>
    <subfield code="d">1873-1916.</subfield>
    <subfield code="t">Phantasie and fugue,</subfield>
    <subfield code="m">varhany,</subfield>
    <subfield code="n">op. 135b,</subfield>
    <subfield code="r">d moll</subfield>
    <subfield code="0">o</subfield>
  </datafield>
  <datafield tag="400" ind1="1" ind2=" ">
    <subfield code="a">Reger, Max,</subfield>
    <subfield code="d">1873-1916.</subfield>
    <subfield code="t">Fantasi och fuga,</subfield>
    <subfield code="m">varhany,</subfield>
    <subfield code="n">op. 135b,</subfield>
    <subfield code="r">d moll</subfield>
    <subfield code="0">o</subfield>
  </datafield>
  <datafield tag="670" ind1=" " ind2=" ">
    <subfield code="a">Historické varhany křižovnických kostelů, Praha, 2019</subfield>
  </datafield>
  <datafield tag="670" ind1=" " ind2=" ">
    <subfield code="a">LC (Names), cit. 23. 9. 2020</subfield>
  </datafield>
  <datafield tag="906" ind1=" " ind2=" ">
    <subfield code="a">br20201116</subfield>
    <subfield code="b">toko</subfield>
  </datafield>
</record>