

<record>
  <leader>     nz  a22     n  4500</leader>
  <controlfield tag="001">aun20201093020</controlfield>
  <controlfield tag="003">CZ PrNK</controlfield>
  <controlfield tag="005">20201116145416.0</controlfield>
  <controlfield tag="008">201116|n|aznnnaabn           n a|a      </controlfield>
  <datafield tag="040" ind1=" " ind2=" ">
    <subfield code="a">ABA001</subfield>
    <subfield code="b">cze</subfield>
    <subfield code="e">rda</subfield>
  </datafield>
  <datafield tag="100" ind1="1" ind2=" ">
    <subfield code="a">Valentini, Giovanni,</subfield>
    <subfield code="d">asi 1582-1649.</subfield>
    <subfield code="t">Canzony,</subfield>
    <subfield code="m">trubky (2), trombony (2)</subfield>
    <subfield code="7">aun20201093020</subfield>
  </datafield>
  <datafield tag="382" ind1="0" ind2=" ">
    <subfield code="a">trubka</subfield>
    <subfield code="n">2</subfield>
    <subfield code="a">trombon</subfield>
    <subfield code="n">2</subfield>
    <subfield code="s">4</subfield>
  </datafield>
  <datafield tag="670" ind1=" " ind2=" ">
    <subfield code="a">Ad matrem venite, Praha, 2019</subfield>
  </datafield>
  <datafield tag="670" ind1=" " ind2=" ">
    <subfield code="a">LC (Names), cit. 23. 9. 2020</subfield>
  </datafield>
  <datafield tag="906" ind1=" " ind2=" ">
    <subfield code="a">br20201116</subfield>
    <subfield code="b">toko</subfield>
  </datafield>
</record>