

<record>
  <leader>     nz  a22     n  4500</leader>
  <controlfield tag="001">aun20201093022</controlfield>
  <controlfield tag="003">CZ PrNK</controlfield>
  <controlfield tag="005">20201116145518.0</controlfield>
  <controlfield tag="008">201116|n|aznnnaabn           n a|a      </controlfield>
  <datafield tag="040" ind1=" " ind2=" ">
    <subfield code="a">ABA001</subfield>
    <subfield code="b">cze</subfield>
    <subfield code="e">rda</subfield>
  </datafield>
  <datafield tag="100" ind1="1" ind2=" ">
    <subfield code="a">Biber, Heinrich Ignaz Franz,</subfield>
    <subfield code="d">1644-1704.</subfield>
    <subfield code="t">Sonáty,</subfield>
    <subfield code="m">housle, continuo (Bayerische Staatsbibliothek: Mus. Ms. 4123).</subfield>
    <subfield code="n">Č. 1</subfield>
    <subfield code="7">aun20201093022</subfield>
  </datafield>
  <datafield tag="380" ind1=" " ind2=" ">
    <subfield code="a">sonáty</subfield>
  </datafield>
  <datafield tag="400" ind1="1" ind2=" ">
    <subfield code="a">Biber, Heinrich Ignaz Franz,</subfield>
    <subfield code="d">1644-1704.</subfield>
    <subfield code="t">Annunciation</subfield>
    <subfield code="0">o</subfield>
  </datafield>
  <datafield tag="400" ind1="1" ind2=" ">
    <subfield code="a">Biber, Heinrich Ignaz Franz,</subfield>
    <subfield code="d">1644-1704.</subfield>
    <subfield code="t">Annunciatio Mariae</subfield>
    <subfield code="0">o</subfield>
  </datafield>
  <datafield tag="400" ind1="1" ind2=" ">
    <subfield code="a">Biber, Heinrich Ignaz Franz,</subfield>
    <subfield code="d">1644-1704.</subfield>
    <subfield code="t">Sonata Annunciatio Mariae</subfield>
    <subfield code="0">o</subfield>
  </datafield>
  <datafield tag="670" ind1=" " ind2=" ">
    <subfield code="a">Ad matrem venite, Praha, 2019</subfield>
  </datafield>
  <datafield tag="670" ind1=" " ind2=" ">
    <subfield code="a">LC (Names), cit. 23. 9. 2020</subfield>
  </datafield>
  <datafield tag="906" ind1=" " ind2=" ">
    <subfield code="a">br20201116</subfield>
    <subfield code="b">toko</subfield>
  </datafield>
</record>