

<record>
  <leader>     nz  a22     n  4500</leader>
  <controlfield tag="001">aun20201093023</controlfield>
  <controlfield tag="003">CZ PrNK</controlfield>
  <controlfield tag="005">20201116145651.0</controlfield>
  <controlfield tag="008">201116|n|aznnnaabn           n a|a      </controlfield>
  <datafield tag="040" ind1=" " ind2=" ">
    <subfield code="a">ABA001</subfield>
    <subfield code="b">cze</subfield>
    <subfield code="e">rda</subfield>
  </datafield>
  <datafield tag="100" ind1="1" ind2=" ">
    <subfield code="a">Muffat, Georg,</subfield>
    <subfield code="d">1653-1704.</subfield>
    <subfield code="t">Apparatus musico-organisticus.</subfield>
    <subfield code="p">Ciacona</subfield>
    <subfield code="7">aun20201093023</subfield>
  </datafield>
  <datafield tag="380" ind1=" " ind2=" ">
    <subfield code="a">chaconny</subfield>
  </datafield>
  <datafield tag="382" ind1="0" ind2=" ">
    <subfield code="a">varhany</subfield>
    <subfield code="n">1</subfield>
    <subfield code="s">1</subfield>
  </datafield>
  <datafield tag="384" ind1="0" ind2=" ">
    <subfield code="a">G dur</subfield>
  </datafield>
  <datafield tag="400" ind1="1" ind2=" ">
    <subfield code="a">Muffat, Georg,</subfield>
    <subfield code="d">1653-1704.</subfield>
    <subfield code="t">Chaconny,</subfield>
    <subfield code="m">varhany,</subfield>
    <subfield code="r">G dur</subfield>
    <subfield code="0">o</subfield>
  </datafield>
  <datafield tag="670" ind1=" " ind2=" ">
    <subfield code="a">Ad matrem venite, Praha, 2019</subfield>
  </datafield>
  <datafield tag="670" ind1=" " ind2=" ">
    <subfield code="a">LC (Names), cit. 23. 9. 2020</subfield>
  </datafield>
  <datafield tag="906" ind1=" " ind2=" ">
    <subfield code="a">br20201116</subfield>
    <subfield code="b">toko</subfield>
  </datafield>
</record>