

<record>
  <leader>     nz  a22     n  4500</leader>
  <controlfield tag="001">aun20201093024</controlfield>
  <controlfield tag="003">CZ PrNK</controlfield>
  <controlfield tag="005">20201116150135.0</controlfield>
  <controlfield tag="008">201116|n|aznnnaabn           n a|a      </controlfield>
  <datafield tag="040" ind1=" " ind2=" ">
    <subfield code="a">ABA001</subfield>
    <subfield code="b">cze</subfield>
    <subfield code="e">rda</subfield>
  </datafield>
  <datafield tag="100" ind1="1" ind2=" ">
    <subfield code="a">Michna z Otradovic, Adam Václav,</subfield>
    <subfield code="d">1600-1676.</subfield>
    <subfield code="t">Swato-roční muzyka.</subfield>
    <subfield code="p">Zdrávas Maria Panno</subfield>
    <subfield code="7">aun20201093024</subfield>
  </datafield>
  <datafield tag="383" ind1=" " ind2=" ">
    <subfield code="a">č. 73</subfield>
  </datafield>
  <datafield tag="400" ind1="1" ind2=" ">
    <subfield code="a">Michna z Otradovic, Adam Václav,</subfield>
    <subfield code="d">1600-1676.</subfield>
    <subfield code="t">Svatoroční muzika.</subfield>
    <subfield code="p">Zdrávas Maria Panno</subfield>
    <subfield code="0">o</subfield>
  </datafield>
  <datafield tag="400" ind1="1" ind2=" ">
    <subfield code="a">Michna z Otradovic, Adam Václav,</subfield>
    <subfield code="d">1600-1676.</subfield>
    <subfield code="t">Zdrávas Maria Panno</subfield>
    <subfield code="0">o</subfield>
  </datafield>
  <datafield tag="400" ind1="1" ind2=" ">
    <subfield code="a">Michna z Otradovic, Adam Václav,</subfield>
    <subfield code="d">1600-1676.</subfield>
    <subfield code="t">Svatoroční muzyka.</subfield>
    <subfield code="p">Třetí o Nanebevzetí blahoslavené Panny Marie</subfield>
    <subfield code="0">o</subfield>
  </datafield>
  <datafield tag="400" ind1="1" ind2=" ">
    <subfield code="a">Michna z Otradovic, Adam Václav,</subfield>
    <subfield code="d">1600-1676.</subfield>
    <subfield code="t">Třetí o Nanebevzetí blahoslavené Panny Marie</subfield>
    <subfield code="0">o</subfield>
  </datafield>
  <datafield tag="400" ind1="1" ind2=" ">
    <subfield code="a">Michna z Otradovic, Adam Václav,</subfield>
    <subfield code="d">1600-1676.</subfield>
    <subfield code="t">Von Mariä Himmelfahrt</subfield>
    <subfield code="0">o</subfield>
  </datafield>
  <datafield tag="400" ind1="1" ind2=" ">
    <subfield code="a">Michna z Otradovic, Adam Václav,</subfield>
    <subfield code="d">1600-1676.</subfield>
    <subfield code="t">On the Assumption of the Virgin</subfield>
    <subfield code="0">o</subfield>
  </datafield>
  <datafield tag="670" ind1=" " ind2=" ">
    <subfield code="a">Ad matrem venite, Praha, 2019</subfield>
  </datafield>
  <datafield tag="670" ind1=" " ind2=" ">
    <subfield code="a">www(Adam Václav Michna z Otradovic), cit. 23. 9. 2020</subfield>
    <subfield code="b">(SVATOROČNÍ MUZIKA; 73 Třetí o Nanebevzetí blahoslavené Panny Marie: Zdrávas, Maria Panno, nebeská Královno)</subfield>
    <subfield code="u">http://alarmo.nostalghia.cz/index_sm.htm</subfield>
  </datafield>
  <datafield tag="670" ind1=" " ind2=" ">
    <subfield code="a">Michna, A. V. Svatoroční muzika. Praha, Editio Bärenreiter Praha, 2001.</subfield>
  </datafield>
  <datafield tag="906" ind1=" " ind2=" ">
    <subfield code="a">br20201116</subfield>
    <subfield code="b">toko</subfield>
  </datafield>
</record>