

<record>
  <leader>     nz  a22     n  4500</leader>
  <controlfield tag="001">xx0254066</controlfield>
  <controlfield tag="003">CZ PrNK</controlfield>
  <controlfield tag="005">20201118061935.0</controlfield>
  <controlfield tag="008">201116|n|aznnnaabn           n a|a      </controlfield>
  <datafield tag="040" ind1=" " ind2=" ">
    <subfield code="a">ABA008</subfield>
    <subfield code="b">cze</subfield>
    <subfield code="d">ABA001</subfield>
    <subfield code="e">rda</subfield>
  </datafield>
  <datafield tag="100" ind1="1" ind2=" ">
    <subfield code="a">Šustykevičová, Zuzana</subfield>
    <subfield code="7">xx0254066</subfield>
  </datafield>
  <datafield tag="368" ind1=" " ind2=" ">
    <subfield code="d">MUDr.</subfield>
  </datafield>
  <datafield tag="370" ind1=" " ind2=" ">
    <subfield code="c">Slovensko</subfield>
  </datafield>
  <datafield tag="372" ind1=" " ind2=" ">
    <subfield code="a">lékařství</subfield>
    <subfield code="a">oftalmologie</subfield>
  </datafield>
  <datafield tag="374" ind1=" " ind2=" ">
    <subfield code="a">lékařky</subfield>
    <subfield code="a">oftalmoložky</subfield>
  </datafield>
  <datafield tag="375" ind1=" " ind2=" ">
    <subfield code="a">žena</subfield>
  </datafield>
  <datafield tag="377" ind1=" " ind2=" ">
    <subfield code="a">slo</subfield>
  </datafield>
  <datafield tag="670" ind1=" " ind2=" ">
    <subfield code="a">Šustykevičová, Z.: Non-arterická predná ischemická optická neuropatia pri drúzach zrakového nervu. Česká a slovenská oftalmologie, 2010, roč. 66, č. 21, s. 184-187.</subfield>
    <subfield code="b">pracoviště</subfield>
  </datafield>
  <datafield tag="670" ind1=" " ind2=" ">
    <subfield code="a">www(Fakultná nemocnica Trenčín), cit. 16. 11. 2020</subfield>
    <subfield code="b">jméno, titul MUDr., specializace</subfield>
  </datafield>
  <datafield tag="675" ind1=" " ind2=" ">
    <subfield code="a">SNK, cit. 16. 11. 2020;</subfield>
    <subfield code="a">SKK SR, cit. 16. 11. 2020</subfield>
  </datafield>
  <datafield tag="678" ind1="0" ind2=" ">
    <subfield code="a">MUDr., oftalmoložka (Očná klinika, Fakultná nemocnica, Trenčín, Slovensko).</subfield>
  </datafield>
  <datafield tag="906" ind1=" " ind2=" ">
    <subfield code="a">za20201116</subfield>
    <subfield code="b">xdapi</subfield>
  </datafield>
  <datafield tag="906" ind1=" " ind2=" ">
    <subfield code="a">fr20201118</subfield>
    <subfield code="b">lisi</subfield>
  </datafield>
</record>