

<record>
  <leader>     nz  a22     n  4500</leader>
  <controlfield tag="001">aun20201093027</controlfield>
  <controlfield tag="003">CZ PrNK</controlfield>
  <controlfield tag="005">20201116150113.0</controlfield>
  <controlfield tag="008">201116|n|aznnnaabn           n a|a      </controlfield>
  <datafield tag="040" ind1=" " ind2=" ">
    <subfield code="a">ABA001</subfield>
    <subfield code="b">cze</subfield>
    <subfield code="e">rda</subfield>
  </datafield>
  <datafield tag="100" ind1="1" ind2=" ">
    <subfield code="a">Legrenzi, Giovanni,</subfield>
    <subfield code="d">1626-1690.</subfield>
    <subfield code="t">Sonáty,</subfield>
    <subfield code="n">op. 8.</subfield>
    <subfield code="p">Pia</subfield>
    <subfield code="7">aun20201093027</subfield>
  </datafield>
  <datafield tag="380" ind1=" " ind2=" ">
    <subfield code="a">sonáty</subfield>
    <subfield code="a">komorní hudba</subfield>
  </datafield>
  <datafield tag="382" ind1="0" ind2=" ">
    <subfield code="a">housle</subfield>
    <subfield code="n">2</subfield>
    <subfield code="a">continuo</subfield>
  </datafield>
  <datafield tag="383" ind1=" " ind2=" ">
    <subfield code="b">op. 8</subfield>
  </datafield>
  <datafield tag="400" ind1="1" ind2=" ">
    <subfield code="a">Legrenzi, Giovanni,</subfield>
    <subfield code="d">1626-1690.</subfield>
    <subfield code="t">Pia</subfield>
    <subfield code="0">o</subfield>
  </datafield>
  <datafield tag="670" ind1=" " ind2=" ">
    <subfield code="a">Ad matrem venite, Praha, 2019</subfield>
  </datafield>
  <datafield tag="670" ind1=" " ind2=" ">
    <subfield code="a">LC (Names), cit. 23. 9. 2020</subfield>
  </datafield>
  <datafield tag="906" ind1=" " ind2=" ">
    <subfield code="a">br20201116</subfield>
    <subfield code="b">toko</subfield>
  </datafield>
</record>