

<record>
  <leader>     nz  a22     n  4500</leader>
  <controlfield tag="001">aun20201093028</controlfield>
  <controlfield tag="003">CZ PrNK</controlfield>
  <controlfield tag="005">20201116150436.0</controlfield>
  <controlfield tag="008">201116|n|aznnnaabn           n a|a      </controlfield>
  <datafield tag="040" ind1=" " ind2=" ">
    <subfield code="a">ABA001</subfield>
    <subfield code="b">cze</subfield>
    <subfield code="e">rda</subfield>
  </datafield>
  <datafield tag="100" ind1="1" ind2=" ">
    <subfield code="a">Ravanello, Oreste,</subfield>
    <subfield code="d">1871-1938.</subfield>
    <subfield code="t">Téma a variace,</subfield>
    <subfield code="m">varhany,</subfield>
    <subfield code="r">b moll</subfield>
    <subfield code="7">aun20201093028</subfield>
  </datafield>
  <datafield tag="382" ind1="0" ind2=" ">
    <subfield code="a">varhany</subfield>
    <subfield code="n">1</subfield>
    <subfield code="s">1</subfield>
  </datafield>
  <datafield tag="384" ind1="0" ind2=" ">
    <subfield code="a">b moll</subfield>
  </datafield>
  <datafield tag="670" ind1=" " ind2=" ">
    <subfield code="a">Varhany u Sv. Ludmily v Praze, Praha, 2018</subfield>
  </datafield>
  <datafield tag="670" ind1=" " ind2=" ">
    <subfield code="a">LC (Names), cit. 27. 7. 2020</subfield>
  </datafield>
  <datafield tag="906" ind1=" " ind2=" ">
    <subfield code="a">br20201116</subfield>
    <subfield code="b">toko</subfield>
  </datafield>
</record>