

<record>
  <leader>     nz  a22     n  4500</leader>
  <controlfield tag="001">js20201093029</controlfield>
  <controlfield tag="003">CZ PrNK</controlfield>
  <controlfield tag="005">20201119121436.0</controlfield>
  <controlfield tag="008">201116|n|aznnnaabn           n a|a      </controlfield>
  <datafield tag="040" ind1=" " ind2=" ">
    <subfield code="a">ABA004</subfield>
    <subfield code="b">cze</subfield>
    <subfield code="d">ABA001</subfield>
    <subfield code="e">rda</subfield>
  </datafield>
  <datafield tag="046" ind1=" " ind2=" ">
    <subfield code="f">1961</subfield>
  </datafield>
  <datafield tag="100" ind1="1" ind2=" ">
    <subfield code="a">Dąbrowski, Roman,</subfield>
    <subfield code="d">1961-</subfield>
    <subfield code="7">js20201093029</subfield>
  </datafield>
  <datafield tag="368" ind1=" " ind2=" ">
    <subfield code="d">Prof. dr hab.</subfield>
  </datafield>
  <datafield tag="370" ind1=" " ind2=" ">
    <subfield code="c">Polsko</subfield>
  </datafield>
  <datafield tag="372" ind1=" " ind2=" ">
    <subfield code="a">literární historie</subfield>
    <subfield code="a">osvícenství (literatura)</subfield>
  </datafield>
  <datafield tag="373" ind1=" " ind2=" ">
    <subfield code="a">Uniwersytet Jagielloński. Wydział Polonistyki</subfield>
    <subfield code="s">1989</subfield>
  </datafield>
  <datafield tag="374" ind1=" " ind2=" ">
    <subfield code="a">literární historici</subfield>
    <subfield code="a">vysokoškolští učitelé</subfield>
  </datafield>
  <datafield tag="375" ind1=" " ind2=" ">
    <subfield code="a">muž</subfield>
  </datafield>
  <datafield tag="377" ind1=" " ind2=" ">
    <subfield code="a">pol</subfield>
  </datafield>
  <datafield tag="670" ind1=" " ind2=" ">
    <subfield code="a">NUKAT, cit. 16. 11. 2020</subfield>
    <subfield code="b">autoritní forma, datum narození, biografické údaje</subfield>
  </datafield>
  <datafield tag="670" ind1=" " ind2=" ">
    <subfield code="a">www(Katedra Historii Literatury Oświecenia i Romantyzmu na Wydziale Polonistyki Uniwersytetu Jagiellońskiego), cit. 16. 11. 2020</subfield>
    <subfield code="b">biografické údaje</subfield>
    <subfield code="u">www.khlor.polonistyka.uj.edu.pl/dr-hab.-roman-dabrowski</subfield>
  </datafield>
  <datafield tag="670" ind1=" " ind2=" ">
    <subfield code="a">Dąbrowski, Roman: Słowackiego dialog z odbiorcą :podmiot mówiący, narracja, dialog w Podróży do Ziemi Świętej z Neapolu, Beniowskim i Królu-Duchu. Kraków, 1996</subfield>
  </datafield>
  <datafield tag="678" ind1="0" ind2=" ">
    <subfield code="a">Polský literární historik, odborník na literaturu polského osvícenství, profesor Jagellonské univerzity.</subfield>
  </datafield>
  <datafield tag="906" ind1=" " ind2=" ">
    <subfield code="a">za20201116</subfield>
    <subfield code="b">tapo</subfield>
  </datafield>
  <datafield tag="906" ind1=" " ind2=" ">
    <subfield code="a">vr20201119</subfield>
    <subfield code="b">tone</subfield>
  </datafield>
</record>