

<record>
  <leader>     nz  a22     n  4500</leader>
  <controlfield tag="001">xx0254069</controlfield>
  <controlfield tag="003">CZ PrNK</controlfield>
  <controlfield tag="005">20201118084607.0</controlfield>
  <controlfield tag="008">201116|n|aznnnaabn           n a|a      </controlfield>
  <datafield tag="040" ind1=" " ind2=" ">
    <subfield code="a">CBA001</subfield>
    <subfield code="b">cze</subfield>
    <subfield code="d">ABA001</subfield>
    <subfield code="e">rda</subfield>
  </datafield>
  <datafield tag="046" ind1=" " ind2=" ">
    <subfield code="f">1899</subfield>
    <subfield code="g">1962</subfield>
  </datafield>
  <datafield tag="100" ind1="1" ind2=" ">
    <subfield code="a">Bergler, Edmund,</subfield>
    <subfield code="d">1899-1962</subfield>
    <subfield code="7">xx0254069</subfield>
  </datafield>
  <datafield tag="368" ind1=" " ind2=" ">
    <subfield code="d">Dr. med.</subfield>
    <subfield code="s">1926</subfield>
  </datafield>
  <datafield tag="370" ind1=" " ind2=" ">
    <subfield code="c">Rakousko</subfield>
    <subfield code="c">Spojené státy americké</subfield>
    <subfield code="c">Francie</subfield>
  </datafield>
  <datafield tag="372" ind1=" " ind2=" ">
    <subfield code="a">psychoanalýza</subfield>
  </datafield>
  <datafield tag="374" ind1=" " ind2=" ">
    <subfield code="a">psychoanalytici</subfield>
  </datafield>
  <datafield tag="375" ind1=" " ind2=" ">
    <subfield code="a">muž</subfield>
  </datafield>
  <datafield tag="400" ind1="1" ind2=" ">
    <subfield code="a">Bergler, Edmond,</subfield>
    <subfield code="d">1899-1962</subfield>
    <subfield code="0">o</subfield>
  </datafield>
  <datafield tag="670" ind1=" " ind2=" ">
    <subfield code="a">DNB, cit. 16. 11. 2020</subfield>
    <subfield code="b">autoritní forma, životní data, odkaz viz, biografické údaje, pole 368</subfield>
  </datafield>
  <datafield tag="670" ind1=" " ind2=" ">
    <subfield code="a">www (Wikipedia, die freie Enzyklopädie), cit. 16. 11. 2020</subfield>
    <subfield code="b">národnost, biografické údaje</subfield>
    <subfield code="u">https://de.wikipedia.org/wiki/Edmund_Bergler</subfield>
  </datafield>
  <datafield tag="670" ind1=" " ind2=" ">
    <subfield code="a">LC (Names), cit. 18. 11. 2020</subfield>
    <subfield code="b">autoritní forma</subfield>
  </datafield>
  <datafield tag="670" ind1=" " ind2=" ">
    <subfield code="a">Die Geschlechtskälte der Frau : ihr Wesen und ihre Behandlung / von E. Hitschmann und E. Bergler. Wien, 1934</subfield>
  </datafield>
  <datafield tag="678" ind1="0" ind2=" ">
    <subfield code="a">Rakousko-americký psychoanalytik, působil též ve Francii.</subfield>
  </datafield>
  <datafield tag="906" ind1=" " ind2=" ">
    <subfield code="a">za20201116</subfield>
    <subfield code="b">xlebe</subfield>
  </datafield>
  <datafield tag="906" ind1=" " ind2=" ">
    <subfield code="a">vr20201118</subfield>
    <subfield code="b">lisi</subfield>
    <subfield code="c">Zdroj - další výskyt</subfield>
  </datafield>
</record>