

<record>
  <leader>     nz  a22     n  4500</leader>
  <controlfield tag="001">ko20201093055</controlfield>
  <controlfield tag="003">CZ PrNK</controlfield>
  <controlfield tag="005">20201116163837.0</controlfield>
  <controlfield tag="008">201116|n|aznnnaabn           n a|a      </controlfield>
  <datafield tag="040" ind1=" " ind2=" ">
    <subfield code="a">ABA001</subfield>
    <subfield code="b">cze</subfield>
    <subfield code="e">rda</subfield>
  </datafield>
  <datafield tag="110" ind1="2" ind2=" ">
    <subfield code="a">Grafika, tiskařské podniky v Plzni (firma)</subfield>
    <subfield code="7">ko20201093055</subfield>
  </datafield>
  <datafield tag="368" ind1=" " ind2=" ">
    <subfield code="a">firmy</subfield>
    <subfield code="a">společnosti s ručením omezeným</subfield>
    <subfield code="a">tiskárny</subfield>
  </datafield>
  <datafield tag="370" ind1=" " ind2=" ">
    <subfield code="c">Česko</subfield>
    <subfield code="e">Plzeň, Česko</subfield>
    <subfield code="f">Československo</subfield>
  </datafield>
  <datafield tag="372" ind1=" " ind2=" ">
    <subfield code="a">vydavatelská činnost</subfield>
    <subfield code="a">tiskařství</subfield>
  </datafield>
  <datafield tag="377" ind1=" " ind2=" ">
    <subfield code="a">cze</subfield>
  </datafield>
  <datafield tag="410" ind1="2" ind2=" ">
    <subfield code="a">Grafika, tiskařské podniky (firma : Plzeň, Česko)</subfield>
    <subfield code="0">o</subfield>
  </datafield>
  <datafield tag="410" ind1="2" ind2=" ">
    <subfield code="a">"Grafika" tiskařské podniky v Plzni, zapsané spol. s r.o.</subfield>
    <subfield code="0">o</subfield>
  </datafield>
  <datafield tag="510" ind1="2" ind2=" ">
    <subfield code="w">a</subfield>
    <subfield code="a">Grafika, dělnické družstvo tiskařské v Plzni</subfield>
    <subfield code="7">ko20201093054</subfield>
  </datafield>
  <datafield tag="665" ind1=" " ind2=" ">
    <subfield code="a">Tento název se používal v letech 1937-1951(?). Dřívější název: Grafika, dělnické družstvo tiskařské v Plzni (1927-1937).</subfield>
  </datafield>
  <datafield tag="670" ind1=" " ind2=" ">
    <subfield code="a">Výroční zpráva "Grafiky" Dělnického družstva tiskařského v Plzni, zapsaného společenstva s ručením obmezeným :</subfield>
  </datafield>
  <datafield tag="670" ind1=" " ind2=" ">
    <subfield code="a">Wasková, Eva: "Grafika" tiskařské podniky v Plzni,zapsané spol. s r.o.1894 - 1953, 1998</subfield>
  </datafield>
  <datafield tag="678" ind1=" " ind2=" ">
    <subfield code="a">Po roce 1948 byla firma znárodněna a její majetková podstata se stala součástí Obchodních tiskáren n.p. v Kolíně. Firma Grafika byla vymazána z obchodního rejstříku dne 22.3. 1951.</subfield>
  </datafield>
  <datafield tag="906" ind1=" " ind2=" ">
    <subfield code="a">br20201116</subfield>
    <subfield code="b">svsv</subfield>
  </datafield>
</record>