

<record>
  <leader>     nz  a22     n  4500</leader>
  <controlfield tag="001">ntk20201093064</controlfield>
  <controlfield tag="003">CZ PrNK</controlfield>
  <controlfield tag="005">20201118083805.0</controlfield>
  <controlfield tag="008">201116|n|aznnnaabn           n a|a      </controlfield>
  <datafield tag="040" ind1=" " ind2=" ">
    <subfield code="a">ABA013</subfield>
    <subfield code="b">cze</subfield>
    <subfield code="d">ABA001</subfield>
    <subfield code="e">rda</subfield>
  </datafield>
  <datafield tag="046" ind1=" " ind2=" ">
    <subfield code="s">1649</subfield>
    <subfield code="t">1658</subfield>
  </datafield>
  <datafield tag="100" ind1="1" ind2=" ">
    <subfield code="a">Mittel, Johann Heinrich,</subfield>
    <subfield code="d">činný 1649-1658</subfield>
    <subfield code="7">ntk20201093064</subfield>
  </datafield>
  <datafield tag="370" ind1=" " ind2=" ">
    <subfield code="c">Německo</subfield>
  </datafield>
  <datafield tag="370" ind1=" " ind2=" ">
    <subfield code="f">Štrasburk, Francie</subfield>
    <subfield code="s">1749</subfield>
    <subfield code="t">1758</subfield>
  </datafield>
  <datafield tag="372" ind1=" " ind2=" ">
    <subfield code="a">knihtisk</subfield>
    <subfield code="a">tiskárny</subfield>
    <subfield code="a">odborná literatura</subfield>
    <subfield code="a">vědecké publikace</subfield>
    <subfield code="a">disertace</subfield>
    <subfield code="a">knižní kultura</subfield>
  </datafield>
  <datafield tag="374" ind1=" " ind2=" ">
    <subfield code="a">tiskaři</subfield>
    <subfield code="a">knihtiskaři</subfield>
  </datafield>
  <datafield tag="375" ind1=" " ind2=" ">
    <subfield code="a">muž</subfield>
  </datafield>
  <datafield tag="377" ind1=" " ind2=" ">
    <subfield code="a">lat</subfield>
    <subfield code="a">ger</subfield>
  </datafield>
  <datafield tag="400" ind1="1" ind2=" ">
    <subfield code="a">Mittelius, Johann Henricus,</subfield>
    <subfield code="d">činný 1649-1658</subfield>
    <subfield code="0">o</subfield>
  </datafield>
  <datafield tag="400" ind1="1" ind2=" ">
    <subfield code="a">Mittelius, Johan-Henricus,</subfield>
    <subfield code="d">činný 1649-1658</subfield>
    <subfield code="0">o</subfield>
  </datafield>
  <datafield tag="400" ind1="1" ind2=" ">
    <subfield code="a">Mittelius, Joh. Henricus,</subfield>
    <subfield code="d">činný 1649-1658</subfield>
    <subfield code="0">o</subfield>
  </datafield>
  <datafield tag="400" ind1="1" ind2=" ">
    <subfield code="a">Mittelius,</subfield>
    <subfield code="d">činný 1649-1658</subfield>
    <subfield code="0">o</subfield>
  </datafield>
  <datafield tag="400" ind1="1" ind2=" ">
    <subfield code="a">Mittel,</subfield>
    <subfield code="d">činný 1649-1658</subfield>
    <subfield code="0">o</subfield>
  </datafield>
  <datafield tag="667" ind1=" " ind2=" ">
    <subfield code="a">http://d-nb.info/gnd/1037516966.</subfield>
  </datafield>
  <datafield tag="670" ind1=" " ind2=" ">
    <subfield code="a">Directorium Mathematicum Hoc est De artificiosâ per Circulos Positionum, dirigendi Themata Natalitia methodo. Das ist Gründliche Beschreibung, künstlicher Astronomischer JahrRechnung der Nativiteten durch die Satz-Circul ... Durch Andream Goldmayer, ... Straßburg: Gedruckt vnd verlegt durch Johann Heinrich Mittel, 1657</subfield>
    <subfield code="b">autoritní forma</subfield>
    <subfield code="u">http://mdz-nbn-resolving.de/urn:nbn:de:bvb:12-bsb10873963-7</subfield>
  </datafield>
  <datafield tag="670" ind1=" " ind2=" ">
    <subfield code="a">DNB, cit. 16. 11. 2020</subfield>
    <subfield code="b">autoritní forma, odkazy viz, data a místo činnosti</subfield>
    <subfield code="u">http://d-nb.info/gnd/1037516966</subfield>
  </datafield>
  <datafield tag="670" ind1=" " ind2=" ">
    <subfield code="a">www(WorldCat Identities, Mittel, Johann Heinrich), cit. 16. 11. 2020</subfield>
    <subfield code="b">seznam publikací, pole 377</subfield>
    <subfield code="u">https://www.worldcat.org/identities/viaf-301099642/</subfield>
  </datafield>
  <datafield tag="678" ind1="0" ind2=" ">
    <subfield code="a">Tiskař, činný ve Štrasburku v letech 1649-1658. Zaměřen zejména na vědeckou literaturu, značnou část tištěných titulů tvoří disertace.</subfield>
  </datafield>
  <datafield tag="906" ind1=" " ind2=" ">
    <subfield code="a">za20201116</subfield>
    <subfield code="b">evbr</subfield>
  </datafield>
  <datafield tag="906" ind1=" " ind2=" ">
    <subfield code="a">ko20201116</subfield>
    <subfield code="b">evbr</subfield>
  </datafield>
  <datafield tag="906" ind1=" " ind2=" ">
    <subfield code="a">vr20201118</subfield>
    <subfield code="b">lisi</subfield>
  </datafield>
</record>