

<record>
  <leader>     nz  a22     n  4500</leader>
  <controlfield tag="001">ph1093070</controlfield>
  <controlfield tag="003">CZ PrNK</controlfield>
  <controlfield tag="005">20201118095355.0</controlfield>
  <controlfield tag="008">201117|n|anznnbabn           n a|a      </controlfield>
  <datafield tag="040" ind1=" " ind2=" ">
    <subfield code="a">ABA001</subfield>
    <subfield code="b">cze</subfield>
  </datafield>
  <datafield tag="072" ind1=" " ind2="7">
    <subfield code="a">329</subfield>
    <subfield code="x">Politické strany a hnutí</subfield>
    <subfield code="2">Konspekt</subfield>
    <subfield code="9">15</subfield>
  </datafield>
  <datafield tag="080" ind1=" " ind2=" ">
    <subfield code="a">329.18(436)</subfield>
    <subfield code="2">MRF_2014</subfield>
  </datafield>
  <datafield tag="150" ind1=" " ind2=" ">
    <subfield code="a">austrofašismus</subfield>
    <subfield code="7">ph1093070</subfield>
  </datafield>
  <datafield tag="450" ind1=" " ind2=" ">
    <subfield code="a">rakouský fašismus</subfield>
    <subfield code="0">o</subfield>
  </datafield>
  <datafield tag="450" ind1=" " ind2=" ">
    <subfield code="a">stavovský stát (1934-1938 : Rakousko)</subfield>
    <subfield code="0">o</subfield>
  </datafield>
  <datafield tag="450" ind1=" " ind2=" ">
    <subfield code="a">fašismus rakouský</subfield>
    <subfield code="0">o</subfield>
  </datafield>
  <datafield tag="550" ind1=" " ind2=" ">
    <subfield code="a">fašismus</subfield>
    <subfield code="7">ph120146</subfield>
  </datafield>
  <datafield tag="550" ind1=" " ind2=" ">
    <subfield code="a">klerofašismus</subfield>
    <subfield code="7">ph1058136</subfield>
  </datafield>
  <datafield tag="550" ind1=" " ind2=" ">
    <subfield code="a">korporativismus</subfield>
    <subfield code="7">ph121878</subfield>
  </datafield>
  <datafield tag="550" ind1=" " ind2=" ">
    <subfield code="w">g</subfield>
    <subfield code="a">autoritativní režimy</subfield>
    <subfield code="7">ph121092</subfield>
  </datafield>
  <datafield tag="750" ind1="0" ind2="7">
    <subfield code="a">austrofascism</subfield>
    <subfield code="2">eczenas</subfield>
  </datafield>
  <datafield tag="906" ind1=" " ind2=" ">
    <subfield code="a">wp20201118</subfield>
    <subfield code="b">jave</subfield>
  </datafield>
</record>