

<record>
  <leader>     nz  a22     n  4500</leader>
  <controlfield tag="001">ph1093075</controlfield>
  <controlfield tag="003">CZ PrNK</controlfield>
  <controlfield tag="005">20201118191346.0</controlfield>
  <controlfield tag="008">201117|n|anznnbabn           n a|a      </controlfield>
  <datafield tag="040" ind1=" " ind2=" ">
    <subfield code="a">ABA001</subfield>
    <subfield code="b">cze</subfield>
  </datafield>
  <datafield tag="072" ind1=" " ind2="7">
    <subfield code="a">792</subfield>
    <subfield code="x">Divadlo. Divadelní představení</subfield>
    <subfield code="2">Konspekt</subfield>
    <subfield code="9">3</subfield>
  </datafield>
  <datafield tag="080" ind1=" " ind2=" ">
    <subfield code="a">792.071-055.2</subfield>
    <subfield code="2">MRF_2014</subfield>
  </datafield>
  <datafield tag="150" ind1=" " ind2=" ">
    <subfield code="a">divadelní inspicientky</subfield>
    <subfield code="7">ph1093075</subfield>
  </datafield>
  <datafield tag="450" ind1=" " ind2=" ">
    <subfield code="a">inspicientky divadelní</subfield>
    <subfield code="0">o</subfield>
  </datafield>
  <datafield tag="550" ind1=" " ind2=" ">
    <subfield code="a">divadelní inspicienti</subfield>
    <subfield code="7">ph1093074</subfield>
  </datafield>
  <datafield tag="550" ind1=" " ind2=" ">
    <subfield code="a">divadelní režisérky</subfield>
    <subfield code="7">ph338504</subfield>
  </datafield>
  <datafield tag="550" ind1=" " ind2=" ">
    <subfield code="w">g</subfield>
    <subfield code="a">divadelní profese</subfield>
    <subfield code="7">ph517979</subfield>
  </datafield>
  <datafield tag="750" ind1="0" ind2="7">
    <subfield code="a">women stage managers</subfield>
    <subfield code="2">eczenas</subfield>
  </datafield>
  <datafield tag="906" ind1=" " ind2=" ">
    <subfield code="a">wp20201118</subfield>
    <subfield code="b">jave</subfield>
  </datafield>
</record>