

<record>
  <leader>     nz  a22     n  4500</leader>
  <controlfield tag="001">ph1093082</controlfield>
  <controlfield tag="003">CZ PrNK</controlfield>
  <controlfield tag="005">20201119140030.0</controlfield>
  <controlfield tag="008">201117|n|anznnbabn           n a|a      </controlfield>
  <datafield tag="040" ind1=" " ind2=" ">
    <subfield code="a">ABA001</subfield>
    <subfield code="b">cze</subfield>
  </datafield>
  <datafield tag="072" ind1=" " ind2="7">
    <subfield code="a">331</subfield>
    <subfield code="x">Práce</subfield>
    <subfield code="2">Konspekt</subfield>
    <subfield code="9">4</subfield>
  </datafield>
  <datafield tag="080" ind1=" " ind2=" ">
    <subfield code="a">331.102-021.475.4</subfield>
    <subfield code="2">MRF_2014</subfield>
  </datafield>
  <datafield tag="150" ind1=" " ind2=" ">
    <subfield code="a">prekérní zaměstnání</subfield>
    <subfield code="7">ph1093082</subfield>
  </datafield>
  <datafield tag="450" ind1=" " ind2=" ">
    <subfield code="a">zaměstnání prekérní</subfield>
    <subfield code="0">o</subfield>
  </datafield>
  <datafield tag="450" ind1=" " ind2=" ">
    <subfield code="a">prekérní práce</subfield>
    <subfield code="0">o</subfield>
  </datafield>
  <datafield tag="450" ind1=" " ind2=" ">
    <subfield code="a">práce prekérní</subfield>
    <subfield code="0">o</subfield>
  </datafield>
  <datafield tag="450" ind1=" " ind2=" ">
    <subfield code="a">prekariát</subfield>
    <subfield code="0">o</subfield>
  </datafield>
  <datafield tag="450" ind1=" " ind2=" ">
    <subfield code="a">prekarizace</subfield>
    <subfield code="0">o</subfield>
  </datafield>
  <datafield tag="450" ind1=" " ind2=" ">
    <subfield code="a">prekérní pracovněprávní vztahy</subfield>
    <subfield code="0">o</subfield>
  </datafield>
  <datafield tag="450" ind1=" " ind2=" ">
    <subfield code="a">pracovněprávní vztahy prekérní</subfield>
    <subfield code="0">o</subfield>
  </datafield>
  <datafield tag="450" ind1=" " ind2=" ">
    <subfield code="a">prekérní pracovní poměr</subfield>
    <subfield code="0">o</subfield>
  </datafield>
  <datafield tag="450" ind1=" " ind2=" ">
    <subfield code="a">pracovní poměr prekérní</subfield>
    <subfield code="0">o</subfield>
  </datafield>
  <datafield tag="550" ind1=" " ind2=" ">
    <subfield code="w">g</subfield>
    <subfield code="a">práce</subfield>
    <subfield code="7">ph115908</subfield>
  </datafield>
  <datafield tag="550" ind1=" " ind2=" ">
    <subfield code="w">g</subfield>
    <subfield code="a">zaměstnání</subfield>
    <subfield code="7">ph127534</subfield>
  </datafield>
  <datafield tag="680" ind1=" " ind2=" ">
    <subfield code="i">Nestandardní druh zaměstnání, který je nejistý, nechráněný, neplnohodnotný a nedostatečně finančně ohodnocený.</subfield>
  </datafield>
  <datafield tag="750" ind1="0" ind2="7">
    <subfield code="a">precarious employment</subfield>
    <subfield code="2">eczenas</subfield>
  </datafield>
  <datafield tag="906" ind1=" " ind2=" ">
    <subfield code="a">wp20201118</subfield>
    <subfield code="b">jave</subfield>
  </datafield>
</record>