

<record>
  <leader>     nz  a22     n  4500</leader>
  <controlfield tag="001">ph1093084</controlfield>
  <controlfield tag="003">CZ PrNK</controlfield>
  <controlfield tag="005">20201117021633.0</controlfield>
  <controlfield tag="008">201117|n|anznnbabn           n a|a      </controlfield>
  <datafield tag="040" ind1=" " ind2=" ">
    <subfield code="a">ABA001</subfield>
    <subfield code="b">cze</subfield>
  </datafield>
  <datafield tag="080" ind1=" " ind2=" ">
    <subfield code="a">2-285.2-051</subfield>
    <subfield code="2">MRF_2003</subfield>
  </datafield>
  <datafield tag="150" ind1=" " ind2=" ">
    <subfield code="a">apologetici</subfield>
    <subfield code="7">ph1093084</subfield>
  </datafield>
  <datafield tag="550" ind1=" " ind2=" ">
    <subfield code="a">apologetika</subfield>
    <subfield code="7">ph114076</subfield>
  </datafield>
  <datafield tag="550" ind1=" " ind2=" ">
    <subfield code="w">h</subfield>
    <subfield code="a">křesťanští apologetici</subfield>
    <subfield code="7">ph1093083</subfield>
  </datafield>
  <datafield tag="750" ind1="0" ind2="7">
    <subfield code="a">apologists</subfield>
    <subfield code="2">eczenas</subfield>
  </datafield>
  <datafield tag="906" ind1=" " ind2=" ">
    <subfield code="a">wp*</subfield>
    <subfield code="b">*</subfield>
  </datafield>
</record>