

<record>
  <leader>     nz  a22     n  4500</leader>
  <controlfield tag="001">ph1093088</controlfield>
  <controlfield tag="003">CZ PrNK</controlfield>
  <controlfield tag="005">20201119140318.0</controlfield>
  <controlfield tag="008">201117|n|anznnbabn           n a|a      </controlfield>
  <datafield tag="040" ind1=" " ind2=" ">
    <subfield code="a">ABA001</subfield>
    <subfield code="b">cze</subfield>
  </datafield>
  <datafield tag="072" ind1=" " ind2="7">
    <subfield code="a">614</subfield>
    <subfield code="x">Veřejné zdraví a hygiena</subfield>
    <subfield code="2">Konspekt</subfield>
    <subfield code="9">14</subfield>
  </datafield>
  <datafield tag="080" ind1=" " ind2=" ">
    <subfield code="a">614.253.83</subfield>
    <subfield code="2">MRF_2014</subfield>
  </datafield>
  <datafield tag="150" ind1=" " ind2=" ">
    <subfield code="a">dříve vyslovená přání</subfield>
    <subfield code="7">ph1093088</subfield>
  </datafield>
  <datafield tag="450" ind1=" " ind2=" ">
    <subfield code="a">dříve projevená přání</subfield>
    <subfield code="0">o</subfield>
  </datafield>
  <datafield tag="450" ind1=" " ind2=" ">
    <subfield code="a">přání dříve vyslovená</subfield>
    <subfield code="0">o</subfield>
  </datafield>
  <datafield tag="450" ind1=" " ind2=" ">
    <subfield code="a">přání dříve projevená</subfield>
    <subfield code="0">o</subfield>
  </datafield>
  <datafield tag="550" ind1=" " ind2=" ">
    <subfield code="a">informovaný souhlas</subfield>
    <subfield code="7">ph402596</subfield>
  </datafield>
  <datafield tag="550" ind1=" " ind2=" ">
    <subfield code="a">lékařská etika</subfield>
    <subfield code="7">ph115193</subfield>
  </datafield>
  <datafield tag="550" ind1=" " ind2=" ">
    <subfield code="a">zdravotnické právo</subfield>
    <subfield code="7">ph180711</subfield>
  </datafield>
  <datafield tag="550" ind1=" " ind2=" ">
    <subfield code="a">zdravotní péče</subfield>
    <subfield code="7">ph127584</subfield>
  </datafield>
  <datafield tag="550" ind1=" " ind2=" ">
    <subfield code="w">g</subfield>
    <subfield code="a">práva pacientů</subfield>
    <subfield code="7">ph264923</subfield>
  </datafield>
  <datafield tag="680" ind1=" " ind2=" ">
    <subfield code="i">Medicínsko-právní a etický institut, který umožňuje člověku předem vyjádřit svou vůli pro případ, že by se v budoucnu dostal do zdravotního stavu, ve kterém by nemohl vyjádřit svůj souhlas nebo naopak nesouhlas s poskytnutím zdravotních služeb.</subfield>
  </datafield>
  <datafield tag="750" ind1="0" ind2="7">
    <subfield code="a">advance directives (medical care)</subfield>
    <subfield code="2">eczenas</subfield>
  </datafield>
  <datafield tag="906" ind1=" " ind2=" ">
    <subfield code="a">wp20201118</subfield>
    <subfield code="b">jave</subfield>
  </datafield>
</record>