

<record>
  <leader>     nz  a22     n  4500</leader>
  <datafield tag="900" ind1=" " ind2=" ">
    <subfield code="a">J-NÁVRH</subfield>
  </datafield>
  <controlfield tag="001">uk20201093092</controlfield>
  <controlfield tag="003">CZ PrNK</controlfield>
  <controlfield tag="005">20201117110847.0</controlfield>
  <controlfield tag="008">201117|n|aznnnaabn           n a|a      </controlfield>
  <datafield tag="040" ind1=" " ind2=" ">
    <subfield code="a">ABD156</subfield>
    <subfield code="b">cze</subfield>
    <subfield code="e">rda</subfield>
  </datafield>
  <datafield tag="046" ind1=" " ind2=" ">
    <subfield code="f">1923</subfield>
    <subfield code="g">1968</subfield>
  </datafield>
  <datafield tag="100" ind1="1" ind2=" ">
    <subfield code="a">Mádr, Adolf,</subfield>
    <subfield code="d">1923-1968</subfield>
    <subfield code="7">uk20201093092</subfield>
  </datafield>
  <datafield tag="370" ind1=" " ind2=" ">
    <subfield code="a">Česká Skalice, Česko</subfield>
    <subfield code="b">Brno, Česko</subfield>
    <subfield code="c">Česko</subfield>
  </datafield>
  <datafield tag="372" ind1=" " ind2=" ">
    <subfield code="a">služby v církvi</subfield>
    <subfield code="a">husitská teologie</subfield>
    <subfield code="a">systematická teologie</subfield>
    <subfield code="a">literární tvorba</subfield>
  </datafield>
  <datafield tag="373" ind1=" " ind2=" ">
    <subfield code="a">Církev československá</subfield>
  </datafield>
  <datafield tag="374" ind1=" " ind2=" ">
    <subfield code="a">faráři</subfield>
    <subfield code="a">teologové</subfield>
    <subfield code="a">spisovatelé</subfield>
  </datafield>
  <datafield tag="375" ind1=" " ind2=" ">
    <subfield code="a">muž</subfield>
  </datafield>
  <datafield tag="377" ind1=" " ind2=" ">
    <subfield code="a">cze</subfield>
    <subfield code="a">ger</subfield>
  </datafield>
  <datafield tag="670" ind1=" " ind2=" ">
    <subfield code="a">Mádr, Adolf: Odkaz D. Bonhoeffera z konference v Čiernohorských Kúpelích. In: Náboženská revue, roč. 37, č. 3 (1966), s. 61-64</subfield>
  </datafield>
  <datafield tag="670" ind1=" " ind2=" ">
    <subfield code="a">Biografický slovník Církve československé husitské (editoři: Martin Jindra, Marcel Sladkowski), 2020</subfield>
    <subfield code="b">autoritní forma, data, biografické údaje</subfield>
  </datafield>
  <datafield tag="678" ind1="0" ind2=" ">
    <subfield code="a">Narozen 14. 3. 1923 v České Skalici, zemřel 18. 6. 1968 v Brně, mládežový pracovník Církve československé v Praze a východních Čechách (1942-1945), spoluzakladatel Akademického klubu Tábor (1945); farář CČS, sloužil v Hrušovanech u Brna (1948-1950), v Brně-Židenicích (1950-1968); od 50. let člen věroučné, tiskové a publikační komise ústřední rady; husitský teolog, bonhoefferovský badatel; autor povídek a poezie.</subfield>
  </datafield>
  <datafield tag="906" ind1=" " ind2=" ">
    <subfield code="a">za20201117</subfield>
    <subfield code="b">ruzena</subfield>
  </datafield>
</record>