

<record>
  <leader>     nz  a22     n  4500</leader>
  <controlfield tag="001">mub20201093093</controlfield>
  <controlfield tag="003">CZ PrNK</controlfield>
  <controlfield tag="005">20201120160324.0</controlfield>
  <controlfield tag="008">201117|n|aznnnaabn           n a|a      </controlfield>
  <datafield tag="040" ind1=" " ind2=" ">
    <subfield code="a">BOD010</subfield>
    <subfield code="b">cze</subfield>
    <subfield code="d">ABA001</subfield>
    <subfield code="e">rda</subfield>
  </datafield>
  <datafield tag="046" ind1=" " ind2=" ">
    <subfield code="f">1936</subfield>
  </datafield>
  <datafield tag="100" ind1="1" ind2=" ">
    <subfield code="a">Hood, Roger,</subfield>
    <subfield code="d">1936-</subfield>
    <subfield code="7">mub20201093093</subfield>
  </datafield>
  <datafield tag="370" ind1=" " ind2=" ">
    <subfield code="c">Velká Británie</subfield>
  </datafield>
  <datafield tag="372" ind1=" " ind2=" ">
    <subfield code="a">právo</subfield>
    <subfield code="a">trestní právo</subfield>
    <subfield code="a">právní dějiny</subfield>
    <subfield code="a">kriminologie</subfield>
    <subfield code="a">kriminalistika</subfield>
  </datafield>
  <datafield tag="374" ind1=" " ind2=" ">
    <subfield code="a">právníci</subfield>
    <subfield code="a">vysokoškolští učitelé</subfield>
    <subfield code="a">kriminologové</subfield>
    <subfield code="a">kriminalisté</subfield>
    <subfield code="a">historici</subfield>
    <subfield code="a">redaktoři</subfield>
  </datafield>
  <datafield tag="375" ind1=" " ind2=" ">
    <subfield code="a">muž</subfield>
  </datafield>
  <datafield tag="377" ind1=" " ind2=" ">
    <subfield code="a">eng</subfield>
  </datafield>
  <datafield tag="400" ind1="1" ind2=" ">
    <subfield code="a">Hood, Roger G.</subfield>
    <subfield code="q">(Roger Grahame),</subfield>
    <subfield code="d">1936-</subfield>
    <subfield code="0">o</subfield>
  </datafield>
  <datafield tag="400" ind1="1" ind2=" ">
    <subfield code="a">Hood, R. G.</subfield>
    <subfield code="q">(Roger Grahame),</subfield>
    <subfield code="d">1936-</subfield>
    <subfield code="0">o</subfield>
  </datafield>
  <datafield tag="670" ind1=" " ind2=" ">
    <subfield code="a">Hood, Roger: Sentencing the motoring offender, 1972</subfield>
  </datafield>
  <datafield tag="670" ind1=" " ind2=" ">
    <subfield code="a">LC (Names), cit. 17. 11. 2020</subfield>
    <subfield code="b">autoritní forma, odkaz viz</subfield>
  </datafield>
  <datafield tag="670" ind1=" " ind2=" ">
    <subfield code="a">www(Prabook.com), cit. 17. 11. 2020</subfield>
    <subfield code="b">biografické údaje</subfield>
  </datafield>
  <datafield tag="678" ind1="0" ind2=" ">
    <subfield code="a">Anglický právník, vysokoškolský pedagog, specialista na na trestní právo, kriminalistiku a kriminologii a dějiny anglického trestního práva, též redaktor.</subfield>
  </datafield>
  <datafield tag="906" ind1=" " ind2=" ">
    <subfield code="a">za20201117</subfield>
    <subfield code="b">smutnax</subfield>
  </datafield>
  <datafield tag="906" ind1=" " ind2=" ">
    <subfield code="a">ko20201118</subfield>
    <subfield code="b">pospel</subfield>
  </datafield>
  <datafield tag="906" ind1=" " ind2=" ">
    <subfield code="a">vr20201120</subfield>
    <subfield code="b">maku</subfield>
  </datafield>
</record>