

<record>
  <leader>     cz  a22     n  4500</leader>
  <controlfield tag="001">js20201093096</controlfield>
  <controlfield tag="003">CZ PrNK</controlfield>
  <controlfield tag="005">20201118140117.0</controlfield>
  <controlfield tag="008">201117|n|aznnnaabn           n a|a      </controlfield>
  <datafield tag="040" ind1=" " ind2=" ">
    <subfield code="a">ABA004</subfield>
    <subfield code="b">cze</subfield>
    <subfield code="d">ABA001</subfield>
    <subfield code="e">rda</subfield>
  </datafield>
  <datafield tag="046" ind1=" " ind2=" ">
    <subfield code="f">1880</subfield>
    <subfield code="g">1961</subfield>
  </datafield>
  <datafield tag="100" ind1="0" ind2=" ">
    <subfield code="a">Veniamin,</subfield>
    <subfield code="c">saratovský a volský metropolita,</subfield>
    <subfield code="d">1880-1961</subfield>
    <subfield code="7">js20201093096</subfield>
  </datafield>
  <datafield tag="MOR" ind1="0" ind2=" ">
    <subfield code="a">Viniamin,</subfield>
    <subfield code="c">metropolita Saratovský a Kalašovský,</subfield>
    <subfield code="d">1880-1961</subfield>
    <subfield code="7">js20201093096</subfield>
  </datafield>
  <datafield tag="MOR" ind1="0" ind2=" ">
    <subfield code="a">Veniamin,</subfield>
    <subfield code="c">metropolita Saratovský a Kalašovský,</subfield>
    <subfield code="d">1880-1961</subfield>
    <subfield code="7">js20201093096</subfield>
  </datafield>
  <datafield tag="MOR" ind1="0" ind2=" ">
    <subfield code="a">Veniamin,</subfield>
    <subfield code="c">metropolita,</subfield>
    <subfield code="d">1880-1961</subfield>
    <subfield code="7">jo20000080673</subfield>
  </datafield>
  <datafield tag="368" ind1=" " ind2=" ">
    <subfield code="d">mitropolit Rostovskij i Novočerkasskij</subfield>
    <subfield code="s">1951</subfield>
    <subfield code="t">1955</subfield>
  </datafield>
  <datafield tag="368" ind1=" " ind2=" ">
    <subfield code="d">mitropolit Rižskij i Latvijskij</subfield>
    <subfield code="s">1947</subfield>
    <subfield code="t">1951</subfield>
  </datafield>
  <datafield tag="368" ind1=" " ind2=" ">
    <subfield code="d">archijepiskop Aleutovskij i Severoamerikanskij</subfield>
    <subfield code="s">1933</subfield>
    <subfield code="t">1947</subfield>
  </datafield>
  <datafield tag="368" ind1=" " ind2=" ">
    <subfield code="d">jepiskop Sevastopol‘skij</subfield>
    <subfield code="s">1919</subfield>
    <subfield code="t">1920</subfield>
  </datafield>
  <datafield tag="370" ind1=" " ind2=" ">
    <subfield code="c">Rusko</subfield>
    <subfield code="c">Spojené státy americké</subfield>
  </datafield>
  <datafield tag="372" ind1=" " ind2=" ">
    <subfield code="a">služby v církvi</subfield>
    <subfield code="a">duchovní literatura</subfield>
  </datafield>
  <datafield tag="374" ind1=" " ind2=" ">
    <subfield code="a">pravoslavní duchovní</subfield>
    <subfield code="a">misionáři</subfield>
    <subfield code="a">spisovatelé</subfield>
  </datafield>
  <datafield tag="375" ind1=" " ind2=" ">
    <subfield code="a">muž</subfield>
  </datafield>
  <datafield tag="377" ind1=" " ind2=" ">
    <subfield code="a">rus</subfield>
  </datafield>
  <datafield tag="400" ind1="1" ind2=" ">
    <subfield code="w">r</subfield>
    <subfield code="i">Světské jméno:</subfield>
    <subfield code="a">Fedčenkov, Ivan Afanas‘jevič,</subfield>
    <subfield code="d">1880-1961</subfield>
    <subfield code="0">o</subfield>
  </datafield>
  <datafield tag="670" ind1=" " ind2=" ">
    <subfield code="a">RSL, cit. 18. 11. 2020</subfield>
    <subfield code="b">autoritní forma (doplněk česky), životní data, odkaz viz</subfield>
  </datafield>
  <datafield tag="670" ind1=" " ind2=" ">
    <subfield code="a">www(Vikipedija, svobodnaja ènciklopedija), cit 18. 11. 2020</subfield>
    <subfield code="b">biografické údaje, datum narození a úmrtí, odkaz viz</subfield>
    <subfield code="u">https://ru.wikipedia.org/wiki/Вениамин_(Федченков)</subfield>
  </datafield>
  <datafield tag="670" ind1=" " ind2=" ">
    <subfield code="a">Veniamin: Žitije prepodobnago Serafima Sarovskago čudotvorca : s akafistom i akafist Božijej Materi "Umilenije", 1925</subfield>
  </datafield>
  <datafield tag="678" ind1="0" ind2=" ">
    <subfield code="a">Hierarcha Ruské pravoslavné církve, misionář a duchovní spisovatel, v letech 1933-1947 žil v emigraci v USA.</subfield>
  </datafield>
  <datafield tag="906" ind1=" " ind2=" ">
    <subfield code="a">za20201118</subfield>
    <subfield code="b">anlu</subfield>
  </datafield>
  <datafield tag="906" ind1=" " ind2=" ">
    <subfield code="a">oz20201118</subfield>
    <subfield code="b">tone</subfield>
    <subfield code="c">Záhlaví - formální oprava (indikátor) + doplněk jména - oprava, viz - řídící podpole - oprava</subfield>
  </datafield>
  <datafield tag="906" ind1=" " ind2=" ">
    <subfield code="a">co20201118</subfield>
    <subfield code="b">tone</subfield>
  </datafield>
</record>