

<record>
  <leader>     nz  a22     n  4500</leader>
  <controlfield tag="001">aun20201093097</controlfield>
  <controlfield tag="003">CZ PrNK</controlfield>
  <controlfield tag="005">20201118055739.0</controlfield>
  <controlfield tag="008">201118|n|aznnnaabn           n a|a      </controlfield>
  <datafield tag="040" ind1=" " ind2=" ">
    <subfield code="a">ABA001</subfield>
    <subfield code="b">cze</subfield>
    <subfield code="e">rda</subfield>
  </datafield>
  <datafield tag="100" ind1="1" ind2=" ">
    <subfield code="a">Šindelka, Marek,</subfield>
    <subfield code="d">1984-</subfield>
    <subfield code="t">Únava materiálu.</subfield>
    <subfield code="l">Arabsky</subfield>
    <subfield code="7">aun20201093097</subfield>
  </datafield>
  <datafield tag="400" ind1="1" ind2=" ">
    <subfield code="a">Šindelka, Marek,</subfield>
    <subfield code="d">1984-</subfield>
    <subfield code="t">Taʿab al-maʿādin</subfield>
    <subfield code="0">o</subfield>
  </datafield>
  <datafield tag="670" ind1=" " ind2=" ">
    <subfield code="a">NKC, cit. 18. 11. 2020</subfield>
  </datafield>
  <datafield tag="670" ind1=" " ind2=" ">
    <subfield code="a">www(Wikipedie, otevřená encyklopedie), cit. 18. 11. 2020</subfield>
  </datafield>
  <datafield tag="670" ind1=" " ind2=" ">
    <subfield code="a">Mārk Šīndilkā: Taʿab al-maʿādin. Dimašq : Dār Nīnawà, 2019</subfield>
  </datafield>
  <datafield tag="906" ind1=" " ind2=" ">
    <subfield code="a">br20201118</subfield>
    <subfield code="b">blau</subfield>
  </datafield>
  <datafield tag="906" ind1=" " ind2=" ">
    <subfield code="a">ks20201118</subfield>
    <subfield code="b">blau</subfield>
  </datafield>
</record>