

<record>
  <leader>     nz  a22     n  4500</leader>
  <controlfield tag="001">aun20201093104</controlfield>
  <controlfield tag="003">CZ PrNK</controlfield>
  <controlfield tag="005">20201118081803.0</controlfield>
  <controlfield tag="008">201118|n|aznnnaabn           n a|a      </controlfield>
  <datafield tag="040" ind1=" " ind2=" ">
    <subfield code="a">ABA001</subfield>
    <subfield code="b">cze</subfield>
    <subfield code="e">rda</subfield>
  </datafield>
  <datafield tag="100" ind1="1" ind2=" ">
    <subfield code="a">Hrdlička, Josef,</subfield>
    <subfield code="d">1969-</subfield>
    <subfield code="t">Poezie v exilu.</subfield>
    <subfield code="l">Anglicky</subfield>
    <subfield code="7">aun20201093104</subfield>
  </datafield>
  <datafield tag="400" ind1="1" ind2=" ">
    <subfield code="a">Hrdlička, Josef,</subfield>
    <subfield code="d">1969-</subfield>
    <subfield code="t">Poetry in exile</subfield>
    <subfield code="0">o</subfield>
  </datafield>
  <datafield tag="670" ind1=" " ind2=" ">
    <subfield code="a">Poetry in exile / Josef Hrdlička. Praha : Univerzita Karlova, nakladatelství Karolinum, 2020</subfield>
  </datafield>
  <datafield tag="670" ind1=" " ind2=" ">
    <subfield code="a">Katalog Karolinum : podzim 2020</subfield>
  </datafield>
  <datafield tag="906" ind1=" " ind2=" ">
    <subfield code="a">br20201118</subfield>
    <subfield code="b">juri</subfield>
  </datafield>
  <datafield tag="906" ind1=" " ind2=" ">
    <subfield code="a">ks20201118</subfield>
    <subfield code="b">juri</subfield>
  </datafield>
</record>