

<record>
  <leader>     cz  a22     n  4500</leader>
  <controlfield tag="001">ko20201093110</controlfield>
  <controlfield tag="003">CZ PrNK</controlfield>
  <controlfield tag="005">20201119093557.0</controlfield>
  <controlfield tag="008">201118|n|aznnnaabn           n a|a      </controlfield>
  <datafield tag="040" ind1=" " ind2=" ">
    <subfield code="a">ABA001</subfield>
    <subfield code="b">cze</subfield>
    <subfield code="d">ABA001</subfield>
    <subfield code="e">rda</subfield>
  </datafield>
  <datafield tag="111" ind1="2" ind2=" ">
    <subfield code="a">Rodina - zdraví - nemoc (konference)</subfield>
    <subfield code="d">(2020 :</subfield>
    <subfield code="c">Zlín, Česko)</subfield>
    <subfield code="7">ko20201093110</subfield>
  </datafield>
  <datafield tag="MOR" ind1="1" ind2=" ">
    <subfield code="a">Rodina, zdraví, nemoc (konference)</subfield>
    <subfield code="d">(2020 :</subfield>
    <subfield code="c">Zlín, Česko)</subfield>
    <subfield code="7">ko20201093110</subfield>
  </datafield>
  <datafield tag="368" ind1=" " ind2=" ">
    <subfield code="a">mezinárodní konference</subfield>
    <subfield code="a">konference</subfield>
  </datafield>
  <datafield tag="370" ind1=" " ind2=" ">
    <subfield code="c">Česko</subfield>
    <subfield code="e">Zlín, Česko</subfield>
  </datafield>
  <datafield tag="372" ind1=" " ind2=" ">
    <subfield code="a">zdraví a nemoc</subfield>
    <subfield code="a">umírání</subfield>
    <subfield code="a">rodina</subfield>
  </datafield>
  <datafield tag="377" ind1=" " ind2=" ">
    <subfield code="a">cze</subfield>
    <subfield code="a">eng</subfield>
  </datafield>
  <datafield tag="411" ind1="2" ind2=" ">
    <subfield code="a">Family - Health - Disease (konference)</subfield>
    <subfield code="d">(2020 :</subfield>
    <subfield code="c">Zlín, Česko)</subfield>
    <subfield code="2">czeeng</subfield>
    <subfield code="0">o</subfield>
  </datafield>
  <datafield tag="670" ind1=" " ind2=" ">
    <subfield code="a">Rodina, zdraví, nemoc : sborník abstrakt z mezinárodní konference</subfield>
  </datafield>
  <datafield tag="678" ind1=" " ind2=" ">
    <subfield code="a">Mezinárodní konferenci se zaměřením na rodinu ve zdraví a nemoci uspořádalo pět pořadatelů ze tří zemí: Fakulty humanitních studií Univerzity Tomáše Bati ve Zlíně, Fakulty zdravotníctva Katolícke univerzity v Ružomberku, Fakulty zdravotnických a lékařských věd Krakowské Akademie im. Andrzeja Frycza Modrzewskiego v Krakově, Fakulty zdravotnických věd Lékařské univerzity im. Piastów Śląskich ve Wrocłavi a KNTB, a.s. Konference seznámila odbornou veřejnost s různorodými tématy se zaměřením na rodinu ve zdraví a nemoci.</subfield>
  </datafield>
  <datafield tag="906" ind1=" " ind2=" ">
    <subfield code="a">za20201118</subfield>
    <subfield code="b">kahr</subfield>
  </datafield>
  <datafield tag="906" ind1=" " ind2=" ">
    <subfield code="a">op20201119</subfield>
    <subfield code="b">svsv</subfield>
    <subfield code="c">Viz - nově; Biografická poznámka - nově; Další info - nově; Související místo - nově; Oblast působení - nově; Jazyk - nově</subfield>
  </datafield>
</record>