

<record>
  <leader>     nz  a22     n  4500</leader>
  <datafield tag="900" ind1=" " ind2=" ">
    <subfield code="a">J-NÁVRH-STT</subfield>
  </datafield>
  <controlfield tag="001">ntk20201093117</controlfield>
  <controlfield tag="003">CZ PrNK</controlfield>
  <controlfield tag="005">20201118092502.0</controlfield>
  <controlfield tag="008">201118|n|aznnnaabn           n a|a      </controlfield>
  <datafield tag="024" ind1="7" ind2=" ">
    <subfield code="a">0000000383236379</subfield>
    <subfield code="2">isni</subfield>
  </datafield>
  <datafield tag="040" ind1=" " ind2=" ">
    <subfield code="a">ABA013</subfield>
    <subfield code="b">cze</subfield>
    <subfield code="e">rda</subfield>
  </datafield>
  <datafield tag="046" ind1=" " ind2=" ">
    <subfield code="f">1663</subfield>
    <subfield code="g">1702</subfield>
  </datafield>
  <datafield tag="100" ind1="1" ind2=" ">
    <subfield code="a">Beselin, Lucas,</subfield>
    <subfield code="d">asi 1663-asi 1702</subfield>
    <subfield code="7">ntk20201093117</subfield>
  </datafield>
  <datafield tag="368" ind1=" " ind2=" ">
    <subfield code="d">Magister</subfield>
    <subfield code="s">1687</subfield>
  </datafield>
  <datafield tag="370" ind1=" " ind2=" ">
    <subfield code="a">Rostock, Německo</subfield>
    <subfield code="b">Vídeň, Rakousko</subfield>
    <subfield code="c">Německo</subfield>
    <subfield code="f">Rostock, Německo</subfield>
    <subfield code="f">Halle an der Saale, Německo</subfield>
  </datafield>
  <datafield tag="372" ind1=" " ind2=" ">
    <subfield code="a">matematika</subfield>
    <subfield code="a">geometrie</subfield>
    <subfield code="a">optika</subfield>
    <subfield code="a">fyzika</subfield>
    <subfield code="a">astronomie</subfield>
  </datafield>
  <datafield tag="373" ind1=" " ind2=" ">
    <subfield code="a">Universität Rostock</subfield>
    <subfield code="a">Universität Halle</subfield>
  </datafield>
  <datafield tag="374" ind1=" " ind2=" ">
    <subfield code="a">matematici</subfield>
    <subfield code="a">vysokoškolští učitelé</subfield>
  </datafield>
  <datafield tag="375" ind1=" " ind2=" ">
    <subfield code="a">muž</subfield>
  </datafield>
  <datafield tag="377" ind1=" " ind2=" ">
    <subfield code="a">lat</subfield>
    <subfield code="a">ger</subfield>
  </datafield>
  <datafield tag="400" ind1="1" ind2=" ">
    <subfield code="a">Beselin, M. Lucas,</subfield>
    <subfield code="d">asi 1663-asi 1702</subfield>
    <subfield code="0">o</subfield>
  </datafield>
  <datafield tag="400" ind1="1" ind2=" ">
    <subfield code="a">Beselin, M. L.,</subfield>
    <subfield code="d">asi 1663-asi 1702</subfield>
    <subfield code="0">o</subfield>
  </datafield>
  <datafield tag="400" ind1="1" ind2=" ">
    <subfield code="a">Beselin, Lukas,</subfield>
    <subfield code="d">asi 1663-asi 1702</subfield>
    <subfield code="0">o</subfield>
  </datafield>
  <datafield tag="667" ind1=" " ind2=" ">
    <subfield code="a">http://d-nb.info/gnd/129070327.</subfield>
  </datafield>
  <datafield tag="670" ind1=" " ind2=" ">
    <subfield code="a">Q. D. B. V. DISSERTATIO DE TRIPLICI ALGEBRÆ CARTESIANÆ ALGORITHMO, Quam ... publice submittunt PRÆSES M. LUCAS BESELIN, ..., ET RESPONDENS HERMANN. ALBERTUS SCHUCKMANN. MEGAPOL. GUSTROV. LL. St. HALLAE MAGDEBURG: Typis Johannis Jacobi Krebsii, Acad. Typogr., 1701</subfield>
    <subfield code="b">odkaz viz</subfield>
    <subfield code="u">http://nbn-resolving.de/urn:nbn:de:gbv:3:1-749069</subfield>
  </datafield>
  <datafield tag="670" ind1=" " ind2=" ">
    <subfield code="a">DNB, cit. 18. 11. 2020</subfield>
    <subfield code="b">autoritní forma, odkazy viz, datum činnosti</subfield>
    <subfield code="u">http://d-nb.info/gnd/129070327</subfield>
  </datafield>
  <datafield tag="670" ind1=" " ind2=" ">
    <subfield code="a">www(Familie Beselin und Hagemeister aus Rostock, Kinder, Lucas Beselin), cit. 18. 11. 2020</subfield>
    <subfield code="b">datum a místo narození a úmrtí, profese</subfield>
    <subfield code="u">https://www.wilsen.de/lists/family-beselin-and-hagemeister-3981/</subfield>
  </datafield>
  <datafield tag="670" ind1=" " ind2=" ">
    <subfield code="a">www(VD17, Beselin, Lucas), cit. 18. 11. 2020</subfield>
    <subfield code="b">seznam publikací</subfield>
    <subfield code="u">https://kxp.k10plus.de/DB=1.28/PPNSET?PPN=004740319</subfield>
  </datafield>
  <datafield tag="678" ind1="0" ind2=" ">
    <subfield code="a">Německý matematik, pocházející a působící v Rostocku. Publikačně činný, databáze VD17-VD18 vykazovaly koncem roku 2020 celkem 12 záznamů publikací vydaných v letech 1663 asi 1702 (vícekrát též v roli vedoucího disertační práce).</subfield>
  </datafield>
  <datafield tag="906" ind1=" " ind2=" ">
    <subfield code="a">za20201118</subfield>
    <subfield code="b">evbr</subfield>
  </datafield>
  <datafield tag="906" ind1=" " ind2=" ">
    <subfield code="a">ko20201118</subfield>
    <subfield code="b">evbr</subfield>
  </datafield>
</record>