

<record>
  <leader>     nz  a22     n  4500</leader>
  <controlfield tag="001">aun20201093125</controlfield>
  <controlfield tag="003">CZ PrNK</controlfield>
  <controlfield tag="005">20201118093347.0</controlfield>
  <controlfield tag="008">201118|n|aznnnaabn           n a|a      </controlfield>
  <datafield tag="040" ind1=" " ind2=" ">
    <subfield code="a">ABA001</subfield>
    <subfield code="b">cze</subfield>
    <subfield code="e">rda</subfield>
  </datafield>
  <datafield tag="100" ind1="1" ind2=" ">
    <subfield code="a">Haggard, H. Rider</subfield>
    <subfield code="q">(Henry Rider),</subfield>
    <subfield code="d">1856-1925.</subfield>
    <subfield code="t">Allan and the ice-gods.</subfield>
    <subfield code="l">Česky</subfield>
    <subfield code="7">aun20201093125</subfield>
  </datafield>
  <datafield tag="400" ind1="1" ind2=" ">
    <subfield code="a">Haggard, H. Rider</subfield>
    <subfield code="q">(Henry Rider),</subfield>
    <subfield code="d">1856-1925.</subfield>
    <subfield code="t">Bílá bohyně</subfield>
    <subfield code="0">o</subfield>
  </datafield>
  <datafield tag="670" ind1=" " ind2=" ">
    <subfield code="a">LC (Names), cit. 18. 11. 2020</subfield>
  </datafield>
  <datafield tag="670" ind1=" " ind2=" ">
    <subfield code="a">www(Wikipedie, otevřená encyklopedie), cit. 18. 11. 2020</subfield>
  </datafield>
  <datafield tag="670" ind1=" " ind2=" ">
    <subfield code="a">H. Rider Haggard: Bílá bohyně. Praha : B. Procházka, 1926</subfield>
  </datafield>
  <datafield tag="678" ind1=" " ind2=" ">
    <subfield code="a">Závěrečný svazek ze série o Allanovi Quatermainovi - vydaný posmrtně.</subfield>
  </datafield>
  <datafield tag="906" ind1=" " ind2=" ">
    <subfield code="a">br20201118</subfield>
    <subfield code="b">blau</subfield>
  </datafield>
  <datafield tag="906" ind1=" " ind2=" ">
    <subfield code="a">ks20201118</subfield>
    <subfield code="b">blau</subfield>
  </datafield>
</record>