

<record>
  <leader>     nz  a22     n  4500</leader>
  <datafield tag="900" ind1=" " ind2=" ">
    <subfield code="a">J-NÁVRH-STT</subfield>
  </datafield>
  <controlfield tag="001">ntk20201093127</controlfield>
  <controlfield tag="003">CZ PrNK</controlfield>
  <controlfield tag="005">20201118094045.0</controlfield>
  <controlfield tag="008">201118|n|aznnnaabn           n a|a      </controlfield>
  <datafield tag="040" ind1=" " ind2=" ">
    <subfield code="a">ABA013</subfield>
    <subfield code="b">cze</subfield>
    <subfield code="e">rda</subfield>
  </datafield>
  <datafield tag="046" ind1=" " ind2=" ">
    <subfield code="s">1701</subfield>
    <subfield code="t">1702</subfield>
  </datafield>
  <datafield tag="100" ind1="1" ind2=" ">
    <subfield code="a">Schuckman, Hermann Albrecht,</subfield>
    <subfield code="d">činný 1701-1702</subfield>
    <subfield code="7">ntk20201093127</subfield>
  </datafield>
  <datafield tag="370" ind1=" " ind2=" ">
    <subfield code="a">Güstrow, Německo</subfield>
    <subfield code="c">Německo</subfield>
    <subfield code="f">Güstrow, Německo</subfield>
    <subfield code="f">Rostock, Německo</subfield>
    <subfield code="f">Halle an der Saale, Německo</subfield>
  </datafield>
  <datafield tag="372" ind1=" " ind2=" ">
    <subfield code="a">právo</subfield>
    <subfield code="a">matematika</subfield>
  </datafield>
  <datafield tag="373" ind1=" " ind2=" ">
    <subfield code="a">Universität Rostock</subfield>
    <subfield code="a">Universität Halle</subfield>
  </datafield>
  <datafield tag="374" ind1=" " ind2=" ">
    <subfield code="a">právníci</subfield>
    <subfield code="a">matematici</subfield>
  </datafield>
  <datafield tag="375" ind1=" " ind2=" ">
    <subfield code="a">muž</subfield>
  </datafield>
  <datafield tag="377" ind1=" " ind2=" ">
    <subfield code="a">lat</subfield>
  </datafield>
  <datafield tag="400" ind1="1" ind2=" ">
    <subfield code="a">Schuckmann, Hermann Albertus,</subfield>
    <subfield code="d">činný 1701-1702</subfield>
    <subfield code="0">o</subfield>
  </datafield>
  <datafield tag="400" ind1="1" ind2=" ">
    <subfield code="a">Schuckman, Hermannus Albertus,</subfield>
    <subfield code="d">činný 1701-1702</subfield>
    <subfield code="0">o</subfield>
  </datafield>
  <datafield tag="400" ind1="1" ind2=" ">
    <subfield code="a">Schuckman, Herman Albert,</subfield>
    <subfield code="d">činný 1701-1702</subfield>
    <subfield code="0">o</subfield>
  </datafield>
  <datafield tag="400" ind1="1" ind2=" ">
    <subfield code="a">Schuckman, Hermann A.,</subfield>
    <subfield code="d">činný 1701-1702</subfield>
    <subfield code="0">o</subfield>
  </datafield>
  <datafield tag="400" ind1="1" ind2=" ">
    <subfield code="a">Schuckmann, Hermann Albrecht,</subfield>
    <subfield code="d">činný 1701-1702</subfield>
    <subfield code="0">o</subfield>
  </datafield>
  <datafield tag="667" ind1=" " ind2=" ">
    <subfield code="a">http://d-nb.info/gnd/104117362.</subfield>
  </datafield>
  <datafield tag="667" ind1=" " ind2=" ">
    <subfield code="a">Zdroj VD18 přidělil níže citovaný autoritní záznam DNB do dvou záznamů disertací: první z oboru matematiky, obhájené v r. 1701 (na T.S. uvedeno „Hermann Albertus Schuckman“), druhé z oboru práva, obhájené v r. 1702 (na T.S. uvedeno „Herman Albrecht Schuckman“). Obě formy jména jsou zahrnuty do jediného autoritního záznamu.</subfield>
  </datafield>
  <datafield tag="670" ind1=" " ind2=" ">
    <subfield code="a">Q. D. B. V. DISSERTATIO DE TRIPLICI ALGEBRÆ CARTESIANÆ ALGORITHMO, Quam ... publice submittunt PRÆSES M. LUCAS BESELIN, ..., ET RESPONDENS HERMANN ALBERTUS SCHUCKMANN. MEGAPOL. GUSTROV. LL. St. HALLAE MAGDEBURG: Typis Johannis Jacobi Krebsii, Acad. Typogr., 1701</subfield>
    <subfield code="b">odkaz viz, místo působení</subfield>
    <subfield code="u">http://nbn-resolving.de/urn:nbn:de:gbv:3:1-749069</subfield>
  </datafield>
  <datafield tag="670" ind1=" " ind2=" ">
    <subfield code="a">DNB, cit. 18. 11. 2020</subfield>
    <subfield code="b">autoritní forma, odkazy viz, data činnosti</subfield>
    <subfield code="u">http://d-nb.info/gnd/104117362</subfield>
  </datafield>
  <datafield tag="670" ind1=" " ind2=" ">
    <subfield code="a">www(WorldCat Identities, Schuckman, Hermann Albrecht), cit. 18. 11. 2020</subfield>
    <subfield code="b">seznam publikací, pole 377</subfield>
    <subfield code="u">https://www.worldcat.org/identities/viaf-20108535/</subfield>
  </datafield>
  <datafield tag="678" ind1="0" ind2=" ">
    <subfield code="a">Německý právník, pocházející z města Güstrow. Retrospektivní databáze VD18 popisované osobě autorsky přidělila dvě disertační práce, jednu z oboru práva (Rostock, 1702), druhou z oboru matematiky (Halle an der Saale, 1701).</subfield>
  </datafield>
  <datafield tag="906" ind1=" " ind2=" ">
    <subfield code="a">za20201118</subfield>
    <subfield code="b">evbr</subfield>
  </datafield>
  <datafield tag="906" ind1=" " ind2=" ">
    <subfield code="a">ko20201118</subfield>
    <subfield code="b">evbr</subfield>
  </datafield>
</record>