

<record>
  <leader>     nz  a22     n  4500</leader>
  <controlfield tag="001">kon20201093130</controlfield>
  <controlfield tag="003">CZ PrNK</controlfield>
  <controlfield tag="005">20201118094945.0</controlfield>
  <controlfield tag="008">201118|n|aznnnaabn           n a|a      </controlfield>
  <datafield tag="040" ind1=" " ind2=" ">
    <subfield code="a">ABA001</subfield>
    <subfield code="b">cze</subfield>
    <subfield code="e">rda</subfield>
  </datafield>
  <datafield tag="110" ind1="2" ind2=" ">
    <subfield code="a">Komunistická strana Československa.</subfield>
    <subfield code="b">Okresní výbor (Prostějov, Česko).</subfield>
    <subfield code="t">Výroční zpráva (Komunistická strana Československa. Okresní výbor (Prostějov, Česko))</subfield>
    <subfield code="7">kon20201093130</subfield>
  </datafield>
  <datafield tag="410" ind1="2" ind2=" ">
    <subfield code="a">Komunistická strana Československa.</subfield>
    <subfield code="b">Okresní výbor (Prostějov, Česko).</subfield>
    <subfield code="t">Výroční zpráva Komunistické strany Československa v okrese Prostějov</subfield>
    <subfield code="0">o</subfield>
  </datafield>
  <datafield tag="670" ind1=" " ind2=" ">
    <subfield code="a">Výroční zpráva Komunistické strany Československa v okrese Prostějov. V Prostějově : nákladem vlastním, 1947-1949</subfield>
  </datafield>
  <datafield tag="906" ind1=" " ind2=" ">
    <subfield code="a">br20201118</subfield>
    <subfield code="b">juri</subfield>
  </datafield>
  <datafield tag="906" ind1=" " ind2=" ">
    <subfield code="a">ks20201118</subfield>
    <subfield code="b">juri</subfield>
  </datafield>
</record>