

<record>
  <leader>     nz  a22     n  4500</leader>
  <datafield tag="900" ind1=" " ind2=" ">
    <subfield code="a">K-NÁVRH</subfield>
  </datafield>
  <controlfield tag="001">ntk20201093131</controlfield>
  <controlfield tag="003">CZ PrNK</controlfield>
  <controlfield tag="005">20201118095818.0</controlfield>
  <controlfield tag="008">201118|n|aznnnaabn           n a|a      </controlfield>
  <datafield tag="040" ind1=" " ind2=" ">
    <subfield code="a">ABA013</subfield>
    <subfield code="b">cze</subfield>
    <subfield code="e">rda</subfield>
  </datafield>
  <datafield tag="110" ind1="2" ind2=" ">
    <subfield code="a">Johann Jakob Krebs (firma)</subfield>
    <subfield code="7">ntk20201093131</subfield>
  </datafield>
  <datafield tag="368" ind1=" " ind2=" ">
    <subfield code="a">tiskárny</subfield>
    <subfield code="a">firmy</subfield>
  </datafield>
  <datafield tag="370" ind1=" " ind2=" ">
    <subfield code="c">Německo</subfield>
    <subfield code="e">Halle an der Saale, Německo</subfield>
    <subfield code="s">1698</subfield>
    <subfield code="t">1716</subfield>
  </datafield>
  <datafield tag="372" ind1=" " ind2=" ">
    <subfield code="a">knihtisk</subfield>
    <subfield code="a">typografie</subfield>
    <subfield code="a">knižní produkce</subfield>
    <subfield code="a">knižní kultura</subfield>
  </datafield>
  <datafield tag="377" ind1=" " ind2=" ">
    <subfield code="a">lat</subfield>
  </datafield>
  <datafield tag="410" ind1="2" ind2=" ">
    <subfield code="a">Krebs (firma : Halle an der Saale, Německo)</subfield>
    <subfield code="0">o</subfield>
  </datafield>
  <datafield tag="410" ind1="2" ind2=" ">
    <subfield code="a">Typi Johannis Jacobi Krebsii (firma)</subfield>
    <subfield code="2">czelat</subfield>
    <subfield code="0">o</subfield>
  </datafield>
  <datafield tag="410" ind1="2" ind2=" ">
    <subfield code="a">Typis Johannis Jacobi Krebsii (firma)</subfield>
    <subfield code="2">czelat</subfield>
    <subfield code="0">o</subfield>
  </datafield>
  <datafield tag="410" ind1="2" ind2=" ">
    <subfield code="a">Typi Joh. Jacobi Krebsii (firma)</subfield>
    <subfield code="2">czelat</subfield>
    <subfield code="0">o</subfield>
  </datafield>
  <datafield tag="410" ind1="2" ind2=" ">
    <subfield code="a">Typis Joh. Jacobi Krebsii (firma)</subfield>
    <subfield code="2">czelat</subfield>
    <subfield code="0">o</subfield>
  </datafield>
  <datafield tag="410" ind1="2" ind2=" ">
    <subfield code="a">Typis Joh. Jac. Krebsii (firma)</subfield>
    <subfield code="2">czelat</subfield>
    <subfield code="0">o</subfield>
  </datafield>
  <datafield tag="410" ind1="2" ind2=" ">
    <subfield code="a">Literae Krebsianae (firma : Halle an der Saale, Německo)</subfield>
    <subfield code="2">czelat</subfield>
    <subfield code="0">o</subfield>
  </datafield>
  <datafield tag="410" ind1="2" ind2=" ">
    <subfield code="a">Literis Krebsianis (firma : Halle an der Saale, Německo)</subfield>
    <subfield code="2">czelat</subfield>
    <subfield code="0">o</subfield>
  </datafield>
  <datafield tag="410" ind1="2" ind2=" ">
    <subfield code="a">Stannum Krebsianum (firma : Halle an der Saale, Německo)</subfield>
    <subfield code="2">czelat</subfield>
    <subfield code="0">o</subfield>
  </datafield>
  <datafield tag="410" ind1="2" ind2=" ">
    <subfield code="a">Stanno Krebsiano (firma : Halle an der Saale, Německo)</subfield>
    <subfield code="2">czelat</subfield>
    <subfield code="0">o</subfield>
  </datafield>
  <datafield tag="500" ind1="1" ind2=" ">
    <subfield code="a">Krebs, Johann Jakob,</subfield>
    <subfield code="d">1658-1716</subfield>
    <subfield code="7">ola2012720542</subfield>
  </datafield>
  <datafield tag="510" ind1="2" ind2=" ">
    <subfield code="a">Hendel (firma)</subfield>
    <subfield code="7">ntk20201085437</subfield>
  </datafield>
  <datafield tag="665" ind1=" " ind2=" ">
    <subfield code="a">Zakladatel a majitel firmy: Krebs, Johann Jakob (1658-1716). Navazující firma: Hendel (firma).</subfield>
  </datafield>
  <datafield tag="667" ind1=" " ind2=" ">
    <subfield code="a">http://d-nb.info/gnd/1073706265.</subfield>
  </datafield>
  <datafield tag="670" ind1=" " ind2=" ">
    <subfield code="a">Q. D. B. V. DISSERTATIO DE TRIPLICI ALGEBRÆ CARTESIANÆ ALGORITHMO, Quam ... publice submittunt PRÆSES M. LUCAS BESELIN, ..., ET RESPONDENS HERMANN. ALBERTUS SCHUCKMANN. MEGAPOL. GUSTROV. LL. St. HALLAE MAGDEBURG: Typis Johannis Jacobi Krebsii, Acad. Typogr., 1701</subfield>
    <subfield code="b">odkaz viz</subfield>
    <subfield code="u">http://nbn-resolving.de/urn:nbn:de:gbv:3:1-749069</subfield>
  </datafield>
  <datafield tag="670" ind1=" " ind2=" ">
    <subfield code="a">DNB, cit. 18. 11. 2020</subfield>
    <subfield code="b">autoritní forma, odkazy viz, odkaz viz též, data a místo činnosti, údaje o firmě</subfield>
    <subfield code="u">http://d-nb.info/gnd/1073706265</subfield>
  </datafield>
  <datafield tag="675" ind1=" " ind2=" ">
    <subfield code="a">LC (Names), cit. 18. 11. 2020</subfield>
  </datafield>
  <datafield tag="678" ind1=" " ind2=" ">
    <subfield code="a">Německá tiskařská firma, činná v Halle an der Saale v letech 1698-1716. Firmu založil a provozoval Johann Jakob Krebs (1658-1716). Po jeho úmrtí se vdova provdala za tiskaře a nakladatele Johanna Christiana Hendela (1692-1757), její firma se tak stala součástí firmy Hendel, která vznikla v roce 1713.</subfield>
  </datafield>
  <datafield tag="906" ind1=" " ind2=" ">
    <subfield code="a">za20201118</subfield>
    <subfield code="b">evbr</subfield>
  </datafield>
  <datafield tag="906" ind1=" " ind2=" ">
    <subfield code="a">ko20201118</subfield>
    <subfield code="b">evbr</subfield>
  </datafield>
</record>