

<record>
  <leader>     nz  a22     n  4500</leader>
  <controlfield tag="001">ph1093142</controlfield>
  <controlfield tag="003">CZ PrNK</controlfield>
  <controlfield tag="005">20201118101706.0</controlfield>
  <controlfield tag="008">201118|n|anznnbabn           n a|a      </controlfield>
  <datafield tag="040" ind1=" " ind2=" ">
    <subfield code="a">ABA001</subfield>
    <subfield code="b">cze</subfield>
  </datafield>
  <datafield tag="072" ind1=" " ind2="7">
    <subfield code="a">94(491.1/494.9)</subfield>
    <subfield code="x">Dějiny ostatních evropských států</subfield>
    <subfield code="2">Konspekt</subfield>
    <subfield code="9">8</subfield>
  </datafield>
  <datafield tag="072" ind1=" " ind2="7">
    <subfield code="a">355/359</subfield>
    <subfield code="x">Vojenství. Obrana země. Ozbrojené síly</subfield>
    <subfield code="2">Konspekt</subfield>
    <subfield code="9">15</subfield>
  </datafield>
  <datafield tag="080" ind1=" " ind2=" ">
    <subfield code="a">94(494)"1440/1446"</subfield>
    <subfield code="c">dějiny</subfield>
    <subfield code="d">history</subfield>
    <subfield code="2">MRF_2014</subfield>
  </datafield>
  <datafield tag="080" ind1=" " ind2=" ">
    <subfield code="a">355.48(494)"1440/1446"</subfield>
    <subfield code="c">vojenství</subfield>
    <subfield code="d">military history</subfield>
    <subfield code="2">MRF_2014</subfield>
  </datafield>
  <datafield tag="150" ind1=" " ind2=" ">
    <subfield code="a">stará curyšská válka (1440-1446)</subfield>
    <subfield code="7">ph1093142</subfield>
  </datafield>
  <datafield tag="550" ind1=" " ind2=" ">
    <subfield code="w">g</subfield>
    <subfield code="a">občanské války</subfield>
    <subfield code="7">ph202187</subfield>
  </datafield>
  <datafield tag="750" ind1="0" ind2="7">
    <subfield code="a">Old Zürich War (1440-1446)</subfield>
    <subfield code="2">eczenas</subfield>
  </datafield>
  <datafield tag="906" ind1=" " ind2=" ">
    <subfield code="a">wp20201118</subfield>
    <subfield code="b">jave</subfield>
  </datafield>
</record>