

<record>
  <leader>     nz  a22     n  4500</leader>
  <datafield tag="900" ind1=" " ind2=" ">
    <subfield code="a">K-NÁVRH</subfield>
  </datafield>
  <controlfield tag="001">ntk20201093143</controlfield>
  <controlfield tag="003">CZ PrNK</controlfield>
  <controlfield tag="005">20201118220939.0</controlfield>
  <controlfield tag="008">201118|n|aznnnaabn           n a|a      </controlfield>
  <datafield tag="024" ind1="7" ind2=" ">
    <subfield code="a">0000000108518021</subfield>
    <subfield code="2">isni</subfield>
  </datafield>
  <datafield tag="024" ind1="7" ind2=" ">
    <subfield code="a">Q2496139</subfield>
    <subfield code="2">wikidata</subfield>
  </datafield>
  <datafield tag="040" ind1=" " ind2=" ">
    <subfield code="a">ABA013</subfield>
    <subfield code="b">cze</subfield>
    <subfield code="e">rda</subfield>
  </datafield>
  <datafield tag="110" ind1="2" ind2=" ">
    <subfield code="a">Universität Rinteln</subfield>
    <subfield code="7">ntk20201093143</subfield>
  </datafield>
  <datafield tag="368" ind1=" " ind2=" ">
    <subfield code="a">univerzity</subfield>
    <subfield code="a">vysoké školy</subfield>
    <subfield code="s">1621</subfield>
    <subfield code="t">1809</subfield>
  </datafield>
  <datafield tag="370" ind1=" " ind2=" ">
    <subfield code="c">Německo</subfield>
    <subfield code="e">Rinteln, Německo</subfield>
    <subfield code="s">1621</subfield>
    <subfield code="t">1809</subfield>
  </datafield>
  <datafield tag="372" ind1=" " ind2=" ">
    <subfield code="a">vysokoškolské studium</subfield>
    <subfield code="a">doktorské studium</subfield>
    <subfield code="a">magisterské studium</subfield>
  </datafield>
  <datafield tag="377" ind1=" " ind2=" ">
    <subfield code="a">lat</subfield>
    <subfield code="a">ger</subfield>
  </datafield>
  <datafield tag="410" ind1="2" ind2=" ">
    <subfield code="a">Academia Ernestina</subfield>
    <subfield code="2">czelat</subfield>
    <subfield code="0">o</subfield>
  </datafield>
  <datafield tag="410" ind1="2" ind2=" ">
    <subfield code="a">Alma Ernestina</subfield>
    <subfield code="2">czelat</subfield>
    <subfield code="0">o</subfield>
  </datafield>
  <datafield tag="410" ind1="2" ind2=" ">
    <subfield code="a">Academia Hasso-Schauenburgica Rinthelii</subfield>
    <subfield code="2">czelat</subfield>
    <subfield code="0">o</subfield>
  </datafield>
  <datafield tag="410" ind1="2" ind2=" ">
    <subfield code="a">Academia Hassiaco-Schauenburgica</subfield>
    <subfield code="2">czelat</subfield>
    <subfield code="0">o</subfield>
  </datafield>
  <datafield tag="410" ind1="2" ind2=" ">
    <subfield code="a">Academia Hasso-Schaumburgica</subfield>
    <subfield code="2">czelat</subfield>
    <subfield code="0">o</subfield>
  </datafield>
  <datafield tag="410" ind1="2" ind2=" ">
    <subfield code="a">Academia Hassiaco-Schaumburgica</subfield>
    <subfield code="2">czelat</subfield>
    <subfield code="0">o</subfield>
  </datafield>
  <datafield tag="410" ind1="2" ind2=" ">
    <subfield code="a">Schaumburgische Universität</subfield>
    <subfield code="0">o</subfield>
  </datafield>
  <datafield tag="410" ind1="2" ind2=" ">
    <subfield code="a">Universität zu Rinteln</subfield>
    <subfield code="0">o</subfield>
  </datafield>
  <datafield tag="410" ind1="1" ind2=" ">
    <subfield code="a">Rinteln, Německo.</subfield>
    <subfield code="b">Universität</subfield>
    <subfield code="0">o</subfield>
  </datafield>
  <datafield tag="410" ind1="1" ind2=" ">
    <subfield code="a">Hesensko.</subfield>
    <subfield code="b">Universität Rinteln</subfield>
    <subfield code="0">o</subfield>
  </datafield>
  <datafield tag="667" ind1=" " ind2=" ">
    <subfield code="a">http://d-nb.info/gnd/5059776-0. https://id.loc.gov/authorities/names/n82140032.</subfield>
  </datafield>
  <datafield tag="670" ind1=" " ind2=" ">
    <subfield code="a">Q. D. B. V. DISSERTATIO De COMETIS EORUMQUE GENERATIONE, FIGVRA, MOTV, LVMINE ET PROGNOSTICIS, Quam PRÆSIDE JOHANNE KAHLER, ... Academia Hasso-Schaumburgica, ... Ex lectionibus ejus ... HERMANNUS Barckhausen, Rintheliensis. RINTHELII: Ex Officina GODOFREDI CASP. Wächters, Acad. Typ., 1681</subfield>
    <subfield code="b">odkaz viz</subfield>
    <subfield code="u">http://mdz-nbn-resolving.de/urn:nbn:de:bvb:12-bsb10961171-4</subfield>
  </datafield>
  <datafield tag="670" ind1=" " ind2=" ">
    <subfield code="a">LC (Names), cit. 18. 11. 2020</subfield>
    <subfield code="b">autoritní forma, odkaz viz</subfield>
    <subfield code="u">https://id.loc.gov/authorities/names/n82140032</subfield>
  </datafield>
  <datafield tag="670" ind1=" " ind2=" ">
    <subfield code="a">DNB, cit. 18. 11. 2020</subfield>
    <subfield code="b">odkazy viz, údaje o korporaci, data činnosti</subfield>
    <subfield code="u">http://d-nb.info/gnd/5059776-0</subfield>
  </datafield>
  <datafield tag="670" ind1=" " ind2=" ">
    <subfield code="a">www(Wikipedia, die freie Enzyklopädie), cit. 18. 11. 2020</subfield>
    <subfield code="b">vývoj univerzity</subfield>
    <subfield code="u">https://de.wikipedia.org/wiki/Universit%C3%A4t_Rinteln</subfield>
  </datafield>
  <datafield tag="678" ind1=" " ind2=" ">
    <subfield code="a">Německá univerzita založená v roce 1619 Ernstem zu Holstein-Schaumburgem (1569-1622) s právem udělovat také doktoráty (získala za úplatu císařské privilegium). Původním sídlem byl Stadthagen, záhy ale přesídlila do Rintelnu (oblast Vezerské vrchoviny). Inaugurace proběhla 17. 7. 1621. V období rozpadu Svaté říše římské v letech 1803-1806 se univerzita stala obětí správní reformy z roku 1809 a v r. 1810 byla uzavřena, a to též v kontextu vzniku a rozvoje řady okolních univerzit.</subfield>
  </datafield>
  <datafield tag="856" ind1="4" ind2="2">
    <subfield code="u">https://de.wikipedia.org/wiki/Universit%C3%A4t_Rinteln</subfield>
    <subfield code="4">N</subfield>
  </datafield>
  <datafield tag="906" ind1=" " ind2=" ">
    <subfield code="a">za20201118</subfield>
    <subfield code="b">evbr</subfield>
  </datafield>
  <datafield tag="906" ind1=" " ind2=" ">
    <subfield code="a">ko20201118</subfield>
    <subfield code="b">evbr</subfield>
  </datafield>
</record>