

<record>
  <leader>     cz  a22     n  4500</leader>
  <datafield tag="900" ind1=" " ind2=" ">
    <subfield code="a">J-NÁVRH</subfield>
  </datafield>
  <controlfield tag="001">ntk20201093146</controlfield>
  <controlfield tag="003">CZ PrNK</controlfield>
  <controlfield tag="005">20201118114423.0</controlfield>
  <controlfield tag="008">201118|n|aznnnaabn           n a|a      </controlfield>
  <datafield tag="024" ind1="7" ind2=" ">
    <subfield code="a">000000006928222X</subfield>
    <subfield code="2">isni</subfield>
  </datafield>
  <datafield tag="024" ind1="7" ind2=" ">
    <subfield code="a">0000-0003-2774-706X</subfield>
    <subfield code="2">orcid</subfield>
  </datafield>
  <datafield tag="040" ind1=" " ind2=" ">
    <subfield code="a">ABA013</subfield>
    <subfield code="b">cze</subfield>
    <subfield code="e">rda</subfield>
  </datafield>
  <datafield tag="046" ind1=" " ind2=" ">
    <subfield code="f">1957</subfield>
  </datafield>
  <datafield tag="100" ind1="1" ind2=" ">
    <subfield code="a">Vieira, Maria Margarida Cortez,</subfield>
    <subfield code="d">1957-</subfield>
    <subfield code="7">ntk20201093146</subfield>
  </datafield>
  <datafield tag="MOR" ind1="0" ind2=" ">
    <subfield code="a">Vieira, Maria Margarida Cortez</subfield>
    <subfield code="7">ntk20201093146</subfield>
  </datafield>
  <datafield tag="368" ind1=" " ind2=" ">
    <subfield code="d">Ph.D.</subfield>
  </datafield>
  <datafield tag="370" ind1=" " ind2=" ">
    <subfield code="a">Lisabon, Portugalsko</subfield>
    <subfield code="c">Portugalsko</subfield>
    <subfield code="f">Algarve, Portugalsko</subfield>
  </datafield>
  <datafield tag="372" ind1=" " ind2=" ">
    <subfield code="a">potravinářství</subfield>
    <subfield code="a">obaly</subfield>
    <subfield code="a">potravinářská technologie</subfield>
  </datafield>
  <datafield tag="373" ind1=" " ind2=" ">
    <subfield code="a">Universidade do Algarve</subfield>
    <subfield code="2">LC (Names)</subfield>
  </datafield>
  <datafield tag="374" ind1=" " ind2=" ">
    <subfield code="a">inženýrky</subfield>
    <subfield code="a">vysokoškolské učitelky</subfield>
  </datafield>
  <datafield tag="375" ind1=" " ind2=" ">
    <subfield code="a">žena</subfield>
  </datafield>
  <datafield tag="377" ind1=" " ind2=" ">
    <subfield code="a">por</subfield>
    <subfield code="a">eng</subfield>
  </datafield>
  <datafield tag="400" ind1="1" ind2=" ">
    <subfield code="a">Vieira, Maria Margarida Cortês,</subfield>
    <subfield code="d">1957-</subfield>
    <subfield code="0">o</subfield>
  </datafield>
  <datafield tag="400" ind1="1" ind2=" ">
    <subfield code="a">Vieira, Margarida C.,</subfield>
    <subfield code="d">1957-</subfield>
    <subfield code="0">o</subfield>
  </datafield>
  <datafield tag="400" ind1="1" ind2=" ">
    <subfield code="a">Vieira, Margarida Cortez,</subfield>
    <subfield code="d">1957-</subfield>
    <subfield code="0">o</subfield>
  </datafield>
  <datafield tag="400" ind1="1" ind2=" ">
    <subfield code="a">Vieira, M. C.,</subfield>
    <subfield code="d">1957-</subfield>
    <subfield code="0">o</subfield>
  </datafield>
  <datafield tag="400" ind1="1" ind2=" ">
    <subfield code="a">Vieira, M. M. C.,</subfield>
    <subfield code="d">1957-</subfield>
    <subfield code="0">o</subfield>
  </datafield>
  <datafield tag="667" ind1=" " ind2=" ">
    <subfield code="a">Nezaměnit s dalšími osobami stejného či podobného jména, například "Vieira, Margarida, 1958-", Vieira, Margarida Maria da Silva aj. V systému VIAF je v jednom klastru (http://viaf.org/viaf/64329240) smícháno více osob. Byl také přidělen další identifikátor ISNI 0000000039156986, který patrně patří i další osobě.</subfield>
  </datafield>
  <datafield tag="670" ind1=" " ind2=" ">
    <subfield code="a">Cruz, Rui M.S. - Khmelinskii, Igor - Vieira, Margarida C. (eds.): Methods in food analysis, 2014</subfield>
    <subfield code="b">afiliace, odkaz viz</subfield>
  </datafield>
  <datafield tag="670" ind1=" " ind2=" ">
    <subfield code="a">BNP, cit. 18. 11. 2020</subfield>
    <subfield code="b">autoritní forma</subfield>
  </datafield>
  <datafield tag="670" ind1=" " ind2=" ">
    <subfield code="a">www(buscatextual.cnpq.br), cit. 18. 11. 2020</subfield>
    <subfield code="b">profesní údaje</subfield>
  </datafield>
  <datafield tag="670" ind1=" " ind2=" ">
    <subfield code="a">www(Universidade do Algarve), cit. 18. 11. 2020</subfield>
    <subfield code="b">profesní údaje</subfield>
  </datafield>
  <datafield tag="670" ind1=" " ind2=" ">
    <subfield code="a">www(ResearchGate), cit. 18. 11. 2020</subfield>
    <subfield code="b">profesní údaje, odkaz viz</subfield>
  </datafield>
  <datafield tag="670" ind1=" " ind2=" ">
    <subfield code="a">www(Plataforma DéGois), cit. 18. 11. 2020</subfield>
    <subfield code="b">profesní údaje, odkaz viz</subfield>
  </datafield>
  <datafield tag="670" ind1=" " ind2=" ">
    <subfield code="a">www(linkedin.com), cit. 18. 11. 2020</subfield>
    <subfield code="b">profesní údaje</subfield>
  </datafield>
  <datafield tag="670" ind1=" " ind2=" ">
    <subfield code="a">www(Scopus), cit. 18. 11. 2020</subfield>
    <subfield code="b">odkaz viz</subfield>
  </datafield>
  <datafield tag="670" ind1=" " ind2=" ">
    <subfield code="a">www(Maria Margarida Cortês Vieira, [CV]), cit. 18. 11. 2020</subfield>
    <subfield code="b">datum a místo narození, národnost, biografické a profesní údaje</subfield>
    <subfield code="u">https://ise.ualg.pt/sites/ualg.pt/files/ise/Alimentar/cv_margaridavieira.pdf</subfield>
  </datafield>
  <datafield tag="678" ind1="0" ind2=" ">
    <subfield code="a">Portugalská inženýrka potravinářství a vysokoškolská učitelka na Universidade do Algarve. Zabývá se obalovými materiály a uchováváním potravin. Publikace v oboru.</subfield>
  </datafield>
  <datafield tag="906" ind1=" " ind2=" ">
    <subfield code="a">za20201118</subfield>
    <subfield code="b">jasw</subfield>
  </datafield>
  <datafield tag="906" ind1=" " ind2=" ">
    <subfield code="a">oz20201118</subfield>
    <subfield code="b">evbr</subfield>
    <subfield code="c">Záhlaví - datum narození, Pole 024 - další výskyt, Pole 370 - doplnění, Pole 373 - nově, Viz - datum narození a další výskyt, Interní poznámka - nově, Zdroj - další výskyt</subfield>
  </datafield>
</record>