

<record>
  <leader>     nz  a22     n  4500</leader>
  <controlfield tag="001">aun20201093147</controlfield>
  <controlfield tag="003">CZ PrNK</controlfield>
  <controlfield tag="005">20201118103306.0</controlfield>
  <controlfield tag="008">201118|n|aznnnaabn           n a|a      </controlfield>
  <datafield tag="040" ind1=" " ind2=" ">
    <subfield code="a">ABA001</subfield>
    <subfield code="b">cze</subfield>
    <subfield code="e">rda</subfield>
  </datafield>
  <datafield tag="100" ind1="1" ind2=" ">
    <subfield code="a">Boëthius, Anitius Manlius Torquatus Severinus,</subfield>
    <subfield code="d">asi 480-524.</subfield>
    <subfield code="t">De consolatione philosophiae.</subfield>
    <subfield code="l">Anglicky</subfield>
    <subfield code="7">aun20201093147</subfield>
  </datafield>
  <datafield tag="400" ind1="1" ind2=" ">
    <subfield code="a">Boëthius, Anitius Manlius Torquatus Severinus,</subfield>
    <subfield code="d">asi 480-524.</subfield>
    <subfield code="t">Consolation of philosophy</subfield>
    <subfield code="0">o</subfield>
  </datafield>
  <datafield tag="400" ind1="1" ind2=" ">
    <subfield code="a">Boëthius, Anitius Manlius Torquatus Severinus,</subfield>
    <subfield code="d">asi 480-524.</subfield>
    <subfield code="t">Consolation of Queen Elizabeth I</subfield>
    <subfield code="0">o</subfield>
  </datafield>
  <datafield tag="400" ind1="1" ind2=" ">
    <subfield code="a">Boëthius, Anitius Manlius Torquatus Severinus,</subfield>
    <subfield code="d">asi 480-524.</subfield>
    <subfield code="t">Of the consolation of philosophy</subfield>
    <subfield code="0">o</subfield>
  </datafield>
  <datafield tag="400" ind1="1" ind2=" ">
    <subfield code="a">Boëthius, Anitius Manlius Torquatus Severinus,</subfield>
    <subfield code="d">asi 480-524.</subfield>
    <subfield code="t">On the consolation of philosophy</subfield>
    <subfield code="0">o</subfield>
  </datafield>
  <datafield tag="400" ind1="1" ind2=" ">
    <subfield code="a">Boëthius, Anitius Manlius Torquatus Severinus,</subfield>
    <subfield code="d">asi 480-524.</subfield>
    <subfield code="t">Summum bonum</subfield>
    <subfield code="0">o</subfield>
  </datafield>
  <datafield tag="667" ind1=" " ind2=" ">
    <subfield code="a">Úplný název anglického překladu: The consolation of philosophy.</subfield>
  </datafield>
  <datafield tag="670" ind1=" " ind2=" ">
    <subfield code="a">LC (Names), cit. 18. 11. 2020</subfield>
  </datafield>
  <datafield tag="670" ind1=" " ind2=" ">
    <subfield code="a">www(Wikipedia, the free encyclopedia), cit. 18. 11. 2020</subfield>
  </datafield>
  <datafield tag="670" ind1=" " ind2=" ">
    <subfield code="a">Remaking Boethius. Tempe, Arizona : Arizona Center for Medieval and Renaissance Studies ; Turnhout, Belgium : Brepols, 2019</subfield>
  </datafield>
  <datafield tag="906" ind1=" " ind2=" ">
    <subfield code="a">br20201118</subfield>
    <subfield code="b">blau</subfield>
  </datafield>
  <datafield tag="906" ind1=" " ind2=" ">
    <subfield code="a">ks20201118</subfield>
    <subfield code="b">blau</subfield>
  </datafield>
</record>