

<record>
  <leader>     nz  a22     n  4500</leader>
  <controlfield tag="001">xx0254114</controlfield>
  <controlfield tag="003">CZ PrNK</controlfield>
  <controlfield tag="005">20201120100631.0</controlfield>
  <controlfield tag="008">201118|n|aznnnaabn           n a|a      </controlfield>
  <datafield tag="040" ind1=" " ind2=" ">
    <subfield code="a">CBA001</subfield>
    <subfield code="b">cze</subfield>
    <subfield code="d">ABA001</subfield>
    <subfield code="e">rda</subfield>
  </datafield>
  <datafield tag="046" ind1=" " ind2=" ">
    <subfield code="f">1892</subfield>
    <subfield code="g">1959</subfield>
  </datafield>
  <datafield tag="100" ind1="1" ind2=" ">
    <subfield code="a">Bauer, Hermann,</subfield>
    <subfield code="d">1892-1959</subfield>
    <subfield code="7">xx0254114</subfield>
  </datafield>
  <datafield tag="370" ind1=" " ind2=" ">
    <subfield code="c">Německo</subfield>
  </datafield>
  <datafield tag="372" ind1=" " ind2=" ">
    <subfield code="a">výtvarné umění</subfield>
    <subfield code="a">grafika</subfield>
    <subfield code="a">exlibris</subfield>
  </datafield>
  <datafield tag="374" ind1=" " ind2=" ">
    <subfield code="a">výtvarní umělci</subfield>
    <subfield code="a">grafici</subfield>
  </datafield>
  <datafield tag="375" ind1=" " ind2=" ">
    <subfield code="a">muž</subfield>
  </datafield>
  <datafield tag="400" ind1="0" ind2=" ">
    <subfield code="a">H. B.,</subfield>
    <subfield code="d">1892-1959</subfield>
    <subfield code="0">o</subfield>
  </datafield>
  <datafield tag="400" ind1="0" ind2=" ">
    <subfield code="a">HB,</subfield>
    <subfield code="d">1892-1959</subfield>
    <subfield code="0">o</subfield>
  </datafield>
  <datafield tag="670" ind1=" " ind2=" ">
    <subfield code="a">EX LIBRIS EROTICIS HERMANN BAUER - Samkova sbírka v JVK</subfield>
  </datafield>
  <datafield tag="670" ind1=" " ind2=" ">
    <subfield code="a">DNB, cit. 18. 11. 2020</subfield>
    <subfield code="b">autoritní forma, odkazy viz, biografické údaje, životní data</subfield>
  </datafield>
  <datafield tag="678" ind1="0" ind2=" ">
    <subfield code="a">Výtvarník, grafik, tvůrce a majitel exlibris.</subfield>
  </datafield>
  <datafield tag="906" ind1=" " ind2=" ">
    <subfield code="a">za20201118</subfield>
    <subfield code="b">xlebe</subfield>
  </datafield>
  <datafield tag="906" ind1=" " ind2=" ">
    <subfield code="a">vr20201120</subfield>
    <subfield code="b">lisi</subfield>
  </datafield>
</record>