

<record>
  <leader>     nz  a22     n  4500</leader>
  <datafield tag="900" ind1=" " ind2=" ">
    <subfield code="a">J-NÁVRH-STT</subfield>
  </datafield>
  <controlfield tag="001">ntk20201093166</controlfield>
  <controlfield tag="003">CZ PrNK</controlfield>
  <controlfield tag="005">20201118221111.0</controlfield>
  <controlfield tag="008">201118|n|aznnnaabn           n a|a      </controlfield>
  <datafield tag="024" ind1="7" ind2=" ">
    <subfield code="a">0000000038013043</subfield>
    <subfield code="2">isni</subfield>
  </datafield>
  <datafield tag="024" ind1="7" ind2=" ">
    <subfield code="a">Q20981184</subfield>
    <subfield code="2">wikidata</subfield>
  </datafield>
  <datafield tag="040" ind1=" " ind2=" ">
    <subfield code="a">ABA013</subfield>
    <subfield code="b">cze</subfield>
    <subfield code="e">rda</subfield>
  </datafield>
  <datafield tag="046" ind1=" " ind2=" ">
    <subfield code="f">1649</subfield>
    <subfield code="g">1729</subfield>
  </datafield>
  <datafield tag="100" ind1="1" ind2=" ">
    <subfield code="a">Kahler, Johann,</subfield>
    <subfield code="d">1649-1729</subfield>
    <subfield code="7">ntk20201093166</subfield>
  </datafield>
  <datafield tag="368" ind1=" " ind2=" ">
    <subfield code="d">Dr. theol.</subfield>
    <subfield code="s">1697</subfield>
  </datafield>
  <datafield tag="368" ind1=" " ind2=" ">
    <subfield code="d">Ordentlicher Professor für Theologie</subfield>
    <subfield code="s">1683</subfield>
  </datafield>
  <datafield tag="368" ind1=" " ind2=" ">
    <subfield code="d">Ordentlicher Professor für Mathematik</subfield>
    <subfield code="s">1678</subfield>
  </datafield>
  <datafield tag="368" ind1=" " ind2=" ">
    <subfield code="d">Außerordentlicher Professor für Metaphysik</subfield>
    <subfield code="s">1677</subfield>
  </datafield>
  <datafield tag="368" ind1=" " ind2=" ">
    <subfield code="d">Magister der Philosophie</subfield>
    <subfield code="s">1670</subfield>
  </datafield>
  <datafield tag="370" ind1=" " ind2=" ">
    <subfield code="a">Wollmar, Münchhausen, Hesensko, Německo</subfield>
    <subfield code="b">Bad Pyrmont, Německo</subfield>
    <subfield code="c">Německo</subfield>
    <subfield code="f">Rinteln, Německo</subfield>
    <subfield code="f">Marburg, Německo</subfield>
    <subfield code="f">Giessen, Německo</subfield>
  </datafield>
  <datafield tag="372" ind1=" " ind2=" ">
    <subfield code="a">filozofie</subfield>
    <subfield code="a">metafyzika</subfield>
    <subfield code="a">teologie</subfield>
    <subfield code="a">luterství</subfield>
    <subfield code="a">matematika</subfield>
    <subfield code="a">geometrie</subfield>
  </datafield>
  <datafield tag="373" ind1=" " ind2=" ">
    <subfield code="a">Universität Rinteln</subfield>
    <subfield code="s">1677</subfield>
    <subfield code="t">1729</subfield>
  </datafield>
  <datafield tag="374" ind1=" " ind2=" ">
    <subfield code="a">filozofové</subfield>
    <subfield code="a">protestantští teologové</subfield>
    <subfield code="a">matematici</subfield>
    <subfield code="a">vysokoškolští učitelé</subfield>
    <subfield code="a">rektoři</subfield>
  </datafield>
  <datafield tag="375" ind1=" " ind2=" ">
    <subfield code="a">muž</subfield>
  </datafield>
  <datafield tag="377" ind1=" " ind2=" ">
    <subfield code="a">lat</subfield>
    <subfield code="a">ger</subfield>
  </datafield>
  <datafield tag="400" ind1="1" ind2=" ">
    <subfield code="a">Kahler, Johannes,</subfield>
    <subfield code="d">1649-1729</subfield>
    <subfield code="0">o</subfield>
  </datafield>
  <datafield tag="400" ind1="1" ind2=" ">
    <subfield code="a">Kahler, Joannes,</subfield>
    <subfield code="d">1649-1729</subfield>
    <subfield code="0">o</subfield>
  </datafield>
  <datafield tag="400" ind1="1" ind2=" ">
    <subfield code="a">Kahler, Ioannes,</subfield>
    <subfield code="d">1649-1729</subfield>
    <subfield code="0">o</subfield>
  </datafield>
  <datafield tag="400" ind1="1" ind2=" ">
    <subfield code="a">Calerus, Johann,</subfield>
    <subfield code="d">1649-1729</subfield>
    <subfield code="0">o</subfield>
  </datafield>
  <datafield tag="400" ind1="1" ind2=" ">
    <subfield code="a">Calerus, Johannes,</subfield>
    <subfield code="d">1649-1729</subfield>
    <subfield code="0">o</subfield>
  </datafield>
  <datafield tag="400" ind1="1" ind2=" ">
    <subfield code="a">Kahler, J.,</subfield>
    <subfield code="d">1649-1729</subfield>
    <subfield code="0">o</subfield>
  </datafield>
  <datafield tag="400" ind1="1" ind2=" ">
    <subfield code="a">Kähler, Joannes,</subfield>
    <subfield code="d">1649-1729</subfield>
    <subfield code="0">o</subfield>
  </datafield>
  <datafield tag="400" ind1="1" ind2=" ">
    <subfield code="a">Kahler, Johannis,</subfield>
    <subfield code="d">1649-1729</subfield>
    <subfield code="0">o</subfield>
  </datafield>
  <datafield tag="400" ind1="1" ind2=" ">
    <subfield code="a">Kahlerus, Johannes,</subfield>
    <subfield code="d">1649-1729</subfield>
    <subfield code="0">o</subfield>
  </datafield>
  <datafield tag="667" ind1=" " ind2=" ">
    <subfield code="a">http://d-nb.info/gnd/124192939.</subfield>
  </datafield>
  <datafield tag="670" ind1=" " ind2=" ">
    <subfield code="a">Q. D. B. V. DISSERTATIO De COMETIS EORUMQUE GENERATIONE, FIGVRA, MOTV, LVMINE ET PROGNOSTICIS, Quam PRÆSIDE JOHANNE KAHLER, ... Academia Hasso-Schaumburgica, ... Ex lectionibus ejus ... HERMANNUS Barckhausen, Rintheliensis. RINTHELII: Ex Officina GODOFREDI CASP. Wächters, Acad. Typ., 1681</subfield>
    <subfield code="b">odkaz viz</subfield>
    <subfield code="u">http://mdz-nbn-resolving.de/urn:nbn:de:bvb:12-bsb10961171-4</subfield>
  </datafield>
  <datafield tag="670" ind1=" " ind2=" ">
    <subfield code="a">DNB, cit. 18. 11. 2020</subfield>
    <subfield code="b">autoritní forma, odkazy viz, datum narození a úmrtí</subfield>
    <subfield code="u">http://d-nb.info/gnd/124192939</subfield>
  </datafield>
  <datafield tag="670" ind1=" " ind2=" ">
    <subfield code="a">www(Wikipedia, die freie Enzyklopädie), cit. 18. 11. 2020</subfield>
    <subfield code="b">místo narození a úmrtí, biografické a profesní údaje</subfield>
    <subfield code="u">https://de.wikipedia.org/wiki/Johann_Kahler_(Theologe)</subfield>
  </datafield>
  <datafield tag="678" ind1="0" ind2=" ">
    <subfield code="a">Německý filozof, protestantský teolog, matematik a dlouholetý pedagog Rintelnské univerzity v Německu, kde působil od r. 1677 až do své smrti (profesor metafyziky, matematiky, logiky a teologie). Vedl řadu disertačních prací. V r. 1697 byl jmenován Primariem (1. profesorem) pro obor teologie a čestným univerzitním knihovníkem. Byl též v roli rektora (zemřel jako „Rector Magnificus“).</subfield>
  </datafield>
  <datafield tag="856" ind1="4" ind2="2">
    <subfield code="u">https://de.wikipedia.org/wiki/Johann_Kahler_(Theologe)</subfield>
    <subfield code="4">N</subfield>
  </datafield>
  <datafield tag="906" ind1=" " ind2=" ">
    <subfield code="a">za20201118</subfield>
    <subfield code="b">evbr</subfield>
  </datafield>
  <datafield tag="906" ind1=" " ind2=" ">
    <subfield code="a">ko20201118</subfield>
    <subfield code="b">evbr</subfield>
  </datafield>
</record>