

<record>
  <leader>     cz  a22     n  4500</leader>
  <controlfield tag="001">xx0254122</controlfield>
  <controlfield tag="003">CZ PrNK</controlfield>
  <controlfield tag="005">20201119112210.0</controlfield>
  <controlfield tag="008">201118|n|aznnnaabn           n a|a      </controlfield>
  <datafield tag="040" ind1=" " ind2=" ">
    <subfield code="a">BOE303</subfield>
    <subfield code="b">cze</subfield>
    <subfield code="d">ABA001</subfield>
    <subfield code="e">rda</subfield>
  </datafield>
  <datafield tag="046" ind1=" " ind2=" ">
    <subfield code="f">1949</subfield>
  </datafield>
  <datafield tag="100" ind1="1" ind2=" ">
    <subfield code="a">Barents, Els,</subfield>
    <subfield code="d">1949-</subfield>
    <subfield code="7">xx0254122</subfield>
  </datafield>
  <datafield tag="370" ind1=" " ind2=" ">
    <subfield code="c">Nizozemsko</subfield>
    <subfield code="f">Amsterdam, Nizozemsko</subfield>
  </datafield>
  <datafield tag="372" ind1=" " ind2=" ">
    <subfield code="a">výtvarné umění</subfield>
    <subfield code="a">fotografie</subfield>
    <subfield code="a">kurátorství sbírek</subfield>
    <subfield code="a">management</subfield>
    <subfield code="a">odborná literatura</subfield>
  </datafield>
  <datafield tag="374" ind1=" " ind2=" ">
    <subfield code="a">kurátorky sbírek</subfield>
    <subfield code="a">sběratelky umění</subfield>
    <subfield code="a">ředitelky muzeí</subfield>
  </datafield>
  <datafield tag="375" ind1=" " ind2=" ">
    <subfield code="a">žena</subfield>
  </datafield>
  <datafield tag="377" ind1=" " ind2=" ">
    <subfield code="a">dut</subfield>
  </datafield>
  <datafield tag="670" ind1=" " ind2=" ">
    <subfield code="a">Barents, Els: Joel Meyerowitz, 1980</subfield>
  </datafield>
  <datafield tag="670" ind1=" " ind2=" ">
    <subfield code="a">KB - NBN, cit. 19. 11. 2020</subfield>
    <subfield code="b">autoritní forma, datum narození, biografické údaje</subfield>
  </datafield>
  <datafield tag="670" ind1=" " ind2=" ">
    <subfield code="a">www(Els Barents - World Press Photo), cit. 19. 11. 2020</subfield>
    <subfield code="b">biografické údaje</subfield>
  </datafield>
  <datafield tag="678" ind1="0" ind2=" ">
    <subfield code="a">Nizozemská kurátorka sbírek, sběratelka umění, specialistka z oblasti fotografie. Ředitelka muzea fotografie. Autorka publikací z oboru.</subfield>
  </datafield>
  <datafield tag="906" ind1=" " ind2=" ">
    <subfield code="a">za20201118</subfield>
    <subfield code="b">xjale</subfield>
  </datafield>
  <datafield tag="906" ind1=" " ind2=" ">
    <subfield code="a">op20201119</subfield>
    <subfield code="b">kurd</subfield>
    <subfield code="c">370f - nově, 372a - další výskyty, 374a - zrušeno, další výskyty, věcná oprava, 375 - oprava; 670 - aktualizace; 678 - zrušeno, doplnění, věcné opravy</subfield>
  </datafield>
</record>