

<record>
  <leader>     nz  a22     n  4500</leader>
  <controlfield tag="001">xx0254126</controlfield>
  <controlfield tag="003">CZ PrNK</controlfield>
  <controlfield tag="005">20201120102045.0</controlfield>
  <controlfield tag="008">201118|n|aznnnaabn           n a|a      </controlfield>
  <datafield tag="040" ind1=" " ind2=" ">
    <subfield code="a">CBA001</subfield>
    <subfield code="b">cze</subfield>
    <subfield code="d">ABA001</subfield>
    <subfield code="e">rda</subfield>
  </datafield>
  <datafield tag="046" ind1=" " ind2=" ">
    <subfield code="f">1884</subfield>
    <subfield code="g">1945</subfield>
  </datafield>
  <datafield tag="100" ind1="1" ind2=" ">
    <subfield code="a">Buser-Kobler, Jakob Carl,</subfield>
    <subfield code="d">1884-1945</subfield>
    <subfield code="7">xx0254126</subfield>
  </datafield>
  <datafield tag="370" ind1=" " ind2=" ">
    <subfield code="c">Švýcarsko</subfield>
  </datafield>
  <datafield tag="372" ind1=" " ind2=" ">
    <subfield code="a">litografie</subfield>
    <subfield code="a">grafika</subfield>
    <subfield code="a">knihkupectví</subfield>
    <subfield code="a">exlibris</subfield>
  </datafield>
  <datafield tag="374" ind1=" " ind2=" ">
    <subfield code="a">litografové</subfield>
    <subfield code="a">grafici</subfield>
    <subfield code="a">rytci</subfield>
    <subfield code="a">knihkupci</subfield>
  </datafield>
  <datafield tag="375" ind1=" " ind2=" ">
    <subfield code="a">muž</subfield>
  </datafield>
  <datafield tag="400" ind1="1" ind2=" ">
    <subfield code="a">Buser-Kobler, Jakob Karl,</subfield>
    <subfield code="d">1884-1945</subfield>
    <subfield code="0">o</subfield>
  </datafield>
  <datafield tag="400" ind1="1" ind2=" ">
    <subfield code="a">Buser-Kobler, Jacques Carl,</subfield>
    <subfield code="d">1884-1945</subfield>
    <subfield code="0">o</subfield>
  </datafield>
  <datafield tag="400" ind1="1" ind2=" ">
    <subfield code="a">Buser-Kobler, J. C.,</subfield>
    <subfield code="d">1884-1945</subfield>
    <subfield code="0">o</subfield>
  </datafield>
  <datafield tag="400" ind1="1" ind2=" ">
    <subfield code="a">Buser-Kobler, J. K.,</subfield>
    <subfield code="d">1884-1945</subfield>
    <subfield code="0">o</subfield>
  </datafield>
  <datafield tag="400" ind1="1" ind2=" ">
    <subfield code="a">Kobler, Jakob Carl Kobler-,</subfield>
    <subfield code="d">1884-1945</subfield>
    <subfield code="0">o</subfield>
  </datafield>
  <datafield tag="400" ind1="0" ind2=" ">
    <subfield code="a">Buko,</subfield>
    <subfield code="d">1884-1945</subfield>
    <subfield code="0">o</subfield>
  </datafield>
  <datafield tag="400" ind1="0" ind2=" ">
    <subfield code="a">Bvko,</subfield>
    <subfield code="d">1884-1945</subfield>
    <subfield code="0">o</subfield>
  </datafield>
  <datafield tag="670" ind1=" " ind2=" ">
    <subfield code="a">Ex libris Edm. Schönenberger / J.K. Buser-Kobler. 1931 - Samkova sbírka v JVK</subfield>
    <subfield code="b">odkaz viz</subfield>
  </datafield>
  <datafield tag="670" ind1=" " ind2=" ">
    <subfield code="a">HELVETICAT, cit. 18. 11. 2020</subfield>
    <subfield code="b">autoritní forma, životní data</subfield>
  </datafield>
  <datafield tag="670" ind1=" " ind2=" ">
    <subfield code="a">DNB, cit. 18. 11. 2020</subfield>
    <subfield code="b">odkazy viz, biografické údaje</subfield>
  </datafield>
  <datafield tag="670" ind1=" " ind2=" ">
    <subfield code="a">Lexikon der Exlibriskünstler / Manfred Neureiter. Berlin, 2016</subfield>
    <subfield code="b">biografické údaje, odkaz viz, národnost</subfield>
  </datafield>
  <datafield tag="678" ind1="0" ind2=" ">
    <subfield code="a">Švýcarský litograf, grafik, knihkupec, rytec, tvůrce exlibris.</subfield>
  </datafield>
  <datafield tag="906" ind1=" " ind2=" ">
    <subfield code="a">za20201118</subfield>
    <subfield code="b">xlebe</subfield>
  </datafield>
  <datafield tag="906" ind1=" " ind2=" ">
    <subfield code="a">vr20201120</subfield>
    <subfield code="b">lisi</subfield>
  </datafield>
</record>