

<record>
  <leader>     nz  a22     n  4500</leader>
  <datafield tag="900" ind1=" " ind2=" ">
    <subfield code="a">J-NÁVRH-STT</subfield>
  </datafield>
  <controlfield tag="001">ntk20201093199</controlfield>
  <controlfield tag="003">CZ PrNK</controlfield>
  <controlfield tag="005">20201118221235.0</controlfield>
  <controlfield tag="008">201118|n|aznnnaabn           n a|a      </controlfield>
  <datafield tag="024" ind1="7" ind2=" ">
    <subfield code="a">0000000013520989</subfield>
    <subfield code="2">isni</subfield>
  </datafield>
  <datafield tag="040" ind1=" " ind2=" ">
    <subfield code="a">ABA013</subfield>
    <subfield code="b">cze</subfield>
    <subfield code="e">rda</subfield>
  </datafield>
  <datafield tag="046" ind1=" " ind2=" ">
    <subfield code="g">1712</subfield>
  </datafield>
  <datafield tag="100" ind1="1" ind2=" ">
    <subfield code="a">Barkhaus, Hermann,</subfield>
    <subfield code="d">-1712</subfield>
    <subfield code="7">ntk20201093199</subfield>
  </datafield>
  <datafield tag="368" ind1=" " ind2=" ">
    <subfield code="d">Dr.</subfield>
    <subfield code="s">1681</subfield>
  </datafield>
  <datafield tag="370" ind1=" " ind2=" ">
    <subfield code="a">Rinteln, Německo</subfield>
    <subfield code="c">Německo</subfield>
    <subfield code="f">Rinteln, Německo</subfield>
  </datafield>
  <datafield tag="372" ind1=" " ind2=" ">
    <subfield code="a">evangelická teologie</subfield>
    <subfield code="a">luterství</subfield>
    <subfield code="a">matematika</subfield>
  </datafield>
  <datafield tag="373" ind1=" " ind2=" ">
    <subfield code="a">Universität Rinteln</subfield>
    <subfield code="s">1681</subfield>
    <subfield code="t">1681</subfield>
  </datafield>
  <datafield tag="374" ind1=" " ind2=" ">
    <subfield code="a">evangeličtí teologové</subfield>
    <subfield code="a">faráři</subfield>
    <subfield code="a">pastoři</subfield>
    <subfield code="a">matematici</subfield>
  </datafield>
  <datafield tag="377" ind1=" " ind2=" ">
    <subfield code="a">lat</subfield>
  </datafield>
  <datafield tag="400" ind1="1" ind2=" ">
    <subfield code="a">Barckhaus, Hermann,</subfield>
    <subfield code="d">-1712</subfield>
    <subfield code="0">o</subfield>
  </datafield>
  <datafield tag="400" ind1="1" ind2=" ">
    <subfield code="a">Barckhausen, Hermann,</subfield>
    <subfield code="d">-1712</subfield>
    <subfield code="0">o</subfield>
  </datafield>
  <datafield tag="400" ind1="1" ind2=" ">
    <subfield code="a">Barckhausen, Hermannus,</subfield>
    <subfield code="d">-1712</subfield>
    <subfield code="0">o</subfield>
  </datafield>
  <datafield tag="400" ind1="1" ind2=" ">
    <subfield code="a">Barckhausen, Herm.,</subfield>
    <subfield code="d">-1712</subfield>
    <subfield code="0">o</subfield>
  </datafield>
  <datafield tag="400" ind1="1" ind2=" ">
    <subfield code="a">Barckhaus, Hermannus,</subfield>
    <subfield code="d">-1712</subfield>
    <subfield code="0">o</subfield>
  </datafield>
  <datafield tag="400" ind1="1" ind2=" ">
    <subfield code="a">Barchaus, Hermann,</subfield>
    <subfield code="d">-1712</subfield>
    <subfield code="0">o</subfield>
  </datafield>
  <datafield tag="400" ind1="1" ind2=" ">
    <subfield code="a">Barckhausen, Herrmann,</subfield>
    <subfield code="d">-1712</subfield>
    <subfield code="0">o</subfield>
  </datafield>
  <datafield tag="400" ind1="1" ind2=" ">
    <subfield code="a">Barchausen, Hermann,</subfield>
    <subfield code="d">-1712</subfield>
    <subfield code="0">o</subfield>
  </datafield>
  <datafield tag="400" ind1="1" ind2=" ">
    <subfield code="a">Barkhausen, Hermann,</subfield>
    <subfield code="d">-1712</subfield>
    <subfield code="0">o</subfield>
  </datafield>
  <datafield tag="400" ind1="1" ind2=" ">
    <subfield code="a">Barchaus, Herman,</subfield>
    <subfield code="d">-1712</subfield>
    <subfield code="0">o</subfield>
  </datafield>
  <datafield tag="667" ind1=" " ind2=" ">
    <subfield code="a">http://d-nb.info/gnd/120376598.</subfield>
  </datafield>
  <datafield tag="667" ind1=" " ind2=" ">
    <subfield code="a">Databáze VD17 (k datu 2020-11-18) k záznamu citované disertace VD17 12:175058X přidělila jednoznačně autorství právě popisované osoby v tomto autoritním záznamu. Nezaměnit s dalšími osobami téhož jména: právníkem „Barckhausen, Hermann, činný 1678" (http://d-nb.info/gnd/1055412441) nebo farářem a profesorem Rintelnské univerzity "Barkhaus, Hermann, 1629-1694" (http://d-nb.info/gnd/120376547).</subfield>
  </datafield>
  <datafield tag="670" ind1=" " ind2=" ">
    <subfield code="a">Q. D. B. V. DISSERTATIO De COMETIS EORUMQUE GENERATIONE, FIGVRA, MOTV, LVMINE ET PROGNOSTICIS, Quam PRÆSIDE JOHANNE KAHLER, ... Academia Hasso-Schaumburgica, ... Ex lectionibus ejus ... HERMANNUS Barckhausen, Rintheliensis. RINTHELII: Ex Officina GODOFREDI CASP. Wächters, Acad. Typ., 1681</subfield>
    <subfield code="b">odkaz viz</subfield>
    <subfield code="u">http://mdz-nbn-resolving.de/urn:nbn:de:bvb:12-bsb10961171-4</subfield>
  </datafield>
  <datafield tag="670" ind1=" " ind2=" ">
    <subfield code="a">DNB, cit. 18. 11. 2020</subfield>
    <subfield code="b">autoritní forma, odkazy viz, datum úmrtí</subfield>
    <subfield code="u">http://d-nb.info/gnd/120376598</subfield>
  </datafield>
  <datafield tag="670" ind1=" " ind2=" ">
    <subfield code="a">www(VD17), cit. 18. 11. 2020</subfield>
    <subfield code="b">identifikovaná disertace (VD17 12:175058X)</subfield>
    <subfield code="u">https://kxp.k10plus.de/DB=1.28/PPNSET?PPN=00437195X</subfield>
  </datafield>
  <datafield tag="678" ind1="0" ind2=" ">
    <subfield code="a">Německý evangelický teolog a pastor, student Rintelnské univerzity (obhajoba disertace z oboru matematika, astronomie, 1681).</subfield>
  </datafield>
  <datafield tag="906" ind1=" " ind2=" ">
    <subfield code="a">za20201118</subfield>
    <subfield code="b">evbr</subfield>
  </datafield>
  <datafield tag="906" ind1=" " ind2=" ">
    <subfield code="a">ko20201118</subfield>
    <subfield code="b">evbr</subfield>
  </datafield>
</record>