

<record>
  <leader>     nz  a22     n  4500</leader>
  <controlfield tag="001">jo20201093218</controlfield>
  <controlfield tag="003">CZ PrNK</controlfield>
  <controlfield tag="005">20201118134630.0</controlfield>
  <controlfield tag="008">201118|n|aznnnaabn           n a|a      </controlfield>
  <datafield tag="040" ind1=" " ind2=" ">
    <subfield code="a">ABA001</subfield>
    <subfield code="b">cze</subfield>
    <subfield code="e">rda</subfield>
  </datafield>
  <datafield tag="046" ind1=" " ind2=" ">
    <subfield code="f">1989</subfield>
  </datafield>
  <datafield tag="100" ind1="1" ind2=" ">
    <subfield code="a">Hamy-Dupont, Adrienne,</subfield>
    <subfield code="d">1989-</subfield>
    <subfield code="7">jo20201093218</subfield>
  </datafield>
  <datafield tag="370" ind1=" " ind2=" ">
    <subfield code="c">Francie</subfield>
  </datafield>
  <datafield tag="372" ind1=" " ind2=" ">
    <subfield code="a">filologie</subfield>
    <subfield code="a">klasická filologie</subfield>
    <subfield code="a">latinská filologie</subfield>
    <subfield code="a">latinská středověká literatura</subfield>
    <subfield code="a">latinská starověká literatura</subfield>
    <subfield code="a">medievalistika</subfield>
    <subfield code="a">mariologie</subfield>
    <subfield code="a">františkánství</subfield>
  </datafield>
  <datafield tag="373" ind1=" " ind2=" ">
    <subfield code="a">Université de Paris VIII-Vincennes à Saint-Denis</subfield>
  </datafield>
  <datafield tag="374" ind1=" " ind2=" ">
    <subfield code="a">filoložky</subfield>
    <subfield code="a">klasické filoložky</subfield>
    <subfield code="a">vysokoškolské učitelky</subfield>
  </datafield>
  <datafield tag="375" ind1=" " ind2=" ">
    <subfield code="a">žena</subfield>
  </datafield>
  <datafield tag="377" ind1=" " ind2=" ">
    <subfield code="a">eng</subfield>
    <subfield code="a">fre</subfield>
  </datafield>
  <datafield tag="400" ind1="1" ind2=" ">
    <subfield code="a">Dupont, Adrienne Hamy,</subfield>
    <subfield code="d">1989-</subfield>
    <subfield code="0">o</subfield>
  </datafield>
  <datafield tag="400" ind1="1" ind2=" ">
    <subfield code="a">Dupont-Hamy, Adrienne,</subfield>
    <subfield code="d">1989-</subfield>
    <subfield code="0">o</subfield>
  </datafield>
  <datafield tag="400" ind1="1" ind2=" ">
    <subfield code="a">Hamy, Adrienne,</subfield>
    <subfield code="d">1989-</subfield>
    <subfield code="0">o</subfield>
  </datafield>
  <datafield tag="670" ind1=" " ind2=" ">
    <subfield code="a">Christian, Jewish, and Muslim preaching in the Mediterranean and Europe: identities and interfaith encounters (edited by Linda G. Jones and Adrienne Dupont-Hamy). Turnhout: Brepols, ©2019</subfield>
  </datafield>
  <datafield tag="670" ind1=" " ind2=" ">
    <subfield code="a">www(Adrienne Dupont-Hamy - Université Paris 8. In: Academia.edu), cit. 18. 11. 2020</subfield>
    <subfield code="b">biografické údaje</subfield>
  </datafield>
  <datafield tag="670" ind1=" " ind2=" ">
    <subfield code="a">www(Adrienne Dupont (Hamy). In: LinkedIn), cit. 18. 11. 2020</subfield>
    <subfield code="b">biografické údaje</subfield>
  </datafield>
  <datafield tag="670" ind1=" " ind2=" ">
    <subfield code="a">BNF, cit. 18. 11. 2020</subfield>
    <subfield code="b">autoritní forma, datum narození, biografické údaje, odkazy viz</subfield>
  </datafield>
  <datafield tag="678" ind1="0" ind2=" ">
    <subfield code="a">Klasická a středověká filoložka, vysokoškolská pedagožka, specializace na středověké křesťanské kazatelství, mariologii a františkánství.</subfield>
  </datafield>
  <datafield tag="906" ind1=" " ind2=" ">
    <subfield code="a">br20201118</subfield>
    <subfield code="b">beba</subfield>
  </datafield>
</record>