

<record>
  <leader>     nz  a22     n  4500</leader>
  <datafield tag="900" ind1=" " ind2=" ">
    <subfield code="a">*J-NÁVRH</subfield>
  </datafield>
  <controlfield tag="001">mzk20201093220</controlfield>
  <controlfield tag="003">CZ PrNK</controlfield>
  <controlfield tag="005">20201118135235.0</controlfield>
  <controlfield tag="008">201118|n|aznnnaabn           n a|a      </controlfield>
  <datafield tag="024" ind1="7" ind2=" ">
    <subfield code="a">0000-0002-2183-2338</subfield>
    <subfield code="2">orcid</subfield>
  </datafield>
  <datafield tag="040" ind1=" " ind2=" ">
    <subfield code="a">BOA001</subfield>
    <subfield code="b">cze</subfield>
    <subfield code="e">rda</subfield>
  </datafield>
  <datafield tag="046" ind1=" " ind2=" ">
    <subfield code="f">1979</subfield>
  </datafield>
  <datafield tag="100" ind1="1" ind2=" ">
    <subfield code="a">Šurma, Svìtlana Grygorìvna,</subfield>
    <subfield code="d">1979-</subfield>
    <subfield code="7">mzk20201093220</subfield>
  </datafield>
  <datafield tag="370" ind1=" " ind2=" ">
    <subfield code="c">Ukrajina</subfield>
    <subfield code="f">Kyjev, Ukrajina</subfield>
  </datafield>
  <datafield tag="372" ind1=" " ind2=" ">
    <subfield code="a">anglická filologie</subfield>
    <subfield code="a">angličtina</subfield>
    <subfield code="a">překladatelství</subfield>
  </datafield>
  <datafield tag="374" ind1=" " ind2=" ">
    <subfield code="a">filoložky</subfield>
    <subfield code="a">anglistky</subfield>
    <subfield code="a">překladatelky</subfield>
  </datafield>
  <datafield tag="375" ind1=" " ind2=" ">
    <subfield code="a">žena</subfield>
  </datafield>
  <datafield tag="377" ind1=" " ind2=" ">
    <subfield code="a">ukr</subfield>
    <subfield code="a">eng</subfield>
  </datafield>
  <datafield tag="400" ind1="1" ind2=" ">
    <subfield code="a">Shurma, Svitlana,</subfield>
    <subfield code="d">1979-</subfield>
    <subfield code="2">czeeng</subfield>
    <subfield code="0">o</subfield>
  </datafield>
  <datafield tag="400" ind1="1" ind2=" ">
    <subfield code="a">Denysova, Svìtlana Grygorìvna,</subfield>
    <subfield code="d">1979-</subfield>
    <subfield code="0">o</subfield>
  </datafield>
  <datafield tag="670" ind1=" " ind2=" ">
    <subfield code="a">Shurma, Svitlana: 'I choose March': Les Kurbas, Avant-garde Berezil and Shakespeare. In: Theatralia. Vol. 23, 2020, 1, s. 163-167</subfield>
    <subfield code="b">odkaz viz</subfield>
  </datafield>
  <datafield tag="670" ind1=" " ind2=" ">
    <subfield code="a">NBU, cit. 18. 11. 2020</subfield>
    <subfield code="b">autoritní forma</subfield>
  </datafield>
  <datafield tag="670" ind1=" " ind2=" ">
    <subfield code="a">www(Nauka Ukrajiny - Naukovcì Ukrajiny - Šurma Svìtlana Grygorìvna, 1979), cit. 18. 11. 2020</subfield>
    <subfield code="b">biografické údaje; datum narození; odkaz viz</subfield>
    <subfield code="u">http://irbis-nbuv.gov.ua/ASUA/0085742</subfield>
  </datafield>
  <datafield tag="670" ind1=" " ind2=" ">
    <subfield code="a">www(Borys Grinchenko Kyiv University.academia.edu - Svitlana Shurma), cit. 18. 11. 2020</subfield>
    <subfield code="b">odkaz viz; profesní specializace</subfield>
    <subfield code="u">https://kubg.academia.edu/SvitlanaShurma</subfield>
  </datafield>
  <datafield tag="670" ind1=" " ind2=" ">
    <subfield code="a">www(Univerzita Tomáše Bati ve Zlíně - M.A. Svitlana Shurma, Ph.D.), cit. 18. 11. 2020</subfield>
    <subfield code="b">odkaz viz; profesní specializace</subfield>
    <subfield code="u">https://fhs.utb.cz/contacts/m-a-svitlana-shurma-ph-d-6/</subfield>
  </datafield>
  <datafield tag="678" ind1="0" ind2=" ">
    <subfield code="a">Ukrajinská filoložka, anglistka, též překladatelka.</subfield>
  </datafield>
  <datafield tag="906" ind1=" " ind2=" ">
    <subfield code="a">za20201118</subfield>
    <subfield code="b">kmonev</subfield>
  </datafield>
</record>