

<record>
  <leader>     nz  a22     n  4500</leader>
  <controlfield tag="001">jo20201093225</controlfield>
  <controlfield tag="003">CZ PrNK</controlfield>
  <controlfield tag="005">20201118140952.0</controlfield>
  <controlfield tag="008">201118|n|aznnnaabn           n a|a      </controlfield>
  <datafield tag="040" ind1=" " ind2=" ">
    <subfield code="a">ABA001</subfield>
    <subfield code="b">cze</subfield>
    <subfield code="e">rda</subfield>
  </datafield>
  <datafield tag="046" ind1=" " ind2=" ">
    <subfield code="f">1986</subfield>
  </datafield>
  <datafield tag="100" ind1="1" ind2=" ">
    <subfield code="a">Klepáček, Tomáš,</subfield>
    <subfield code="d">1986-</subfield>
    <subfield code="7">jo20201093225</subfield>
  </datafield>
  <datafield tag="370" ind1=" " ind2=" ">
    <subfield code="c">Česko</subfield>
    <subfield code="c">Velká Británie</subfield>
    <subfield code="f">Středočeský kraj, Česko</subfield>
  </datafield>
  <datafield tag="372" ind1=" " ind2=" ">
    <subfield code="a">projektový management</subfield>
    <subfield code="a">nakladatelství a vydavatelství</subfield>
    <subfield code="a">nákladní doprava</subfield>
  </datafield>
  <datafield tag="374" ind1=" " ind2=" ">
    <subfield code="a">řidiči</subfield>
  </datafield>
  <datafield tag="375" ind1=" " ind2=" ">
    <subfield code="a">muž</subfield>
  </datafield>
  <datafield tag="377" ind1=" " ind2=" ">
    <subfield code="a">cze</subfield>
  </datafield>
  <datafield tag="670" ind1=" " ind2=" ">
    <subfield code="a">Glovňa, Kamil - Klepáček, Tomáš ... (et al.): Nymbursko z nebe, 2020</subfield>
    <subfield code="b">autoritní forma, datum narození, biografické údaje</subfield>
  </datafield>
  <datafield tag="670" ind1=" " ind2=" ">
    <subfield code="a">www(Náš tým - Creative Business Studio), cit. 18. 11. 2020</subfield>
    <subfield code="b">biografické údaje</subfield>
  </datafield>
  <datafield tag="678" ind1="0" ind2=" ">
    <subfield code="a">Narozen 1986. Regionální projektový manažer v CBS Nakladatelství s. r. o. Spolupracovník projektu leteckých knih Česko z nebe. Dříve řidič kamionu ve Velké Británii.</subfield>
  </datafield>
  <datafield tag="906" ind1=" " ind2=" ">
    <subfield code="a">br20201118</subfield>
    <subfield code="b">kurd</subfield>
  </datafield>
</record>