

<record>
  <leader>     nz  a22     n  4500</leader>
  <datafield tag="900" ind1=" " ind2=" ">
    <subfield code="a">J-NÁVRH</subfield>
  </datafield>
  <controlfield tag="001">xx0254149</controlfield>
  <controlfield tag="003">CZ PrNK</controlfield>
  <controlfield tag="005">20201118150836.5</controlfield>
  <controlfield tag="008">201118|n|aznnnaabn           n a|a      </controlfield>
  <datafield tag="040" ind1=" " ind2=" ">
    <subfield code="a">CBA001</subfield>
    <subfield code="b">cze</subfield>
    <subfield code="e">rda</subfield>
  </datafield>
  <datafield tag="046" ind1=" " ind2=" ">
    <subfield code="f">1942</subfield>
    <subfield code="g">2007</subfield>
  </datafield>
  <datafield tag="100" ind1="1" ind2=" ">
    <subfield code="a">Illés, Lajos,</subfield>
    <subfield code="d">1942-2007</subfield>
    <subfield code="7">xx0254149</subfield>
  </datafield>
  <datafield tag="370" ind1=" " ind2=" ">
    <subfield code="c">Maďarsko</subfield>
  </datafield>
  <datafield tag="372" ind1=" " ind2=" ">
    <subfield code="a">hudba</subfield>
  </datafield>
  <datafield tag="374" ind1=" " ind2=" ">
    <subfield code="a">hudební skladatelé</subfield>
    <subfield code="a">zpěváci</subfield>
  </datafield>
  <datafield tag="375" ind1=" " ind2=" ">
    <subfield code="a">muž</subfield>
  </datafield>
  <datafield tag="670" ind1=" " ind2=" ">
    <subfield code="a">Hudebnina: Zpíváme s kytarou. 226 / Jen ať nikdo nevzlyká = Valahol egy lány / hudba a původní text Lajos Illés a János Bródy ; český text Jaroslav D. Navrátil, 1974</subfield>
  </datafield>
  <datafield tag="670" ind1=" " ind2=" ">
    <subfield code="a">www (Wikipédia, a szabad enciklopédia), cit. 18. 11. 2020</subfield>
    <subfield code="b">biografické údaje, národnost</subfield>
    <subfield code="u">https://hu.wikipedia.org/wiki/Ill%C3%A9s_Lajos_(zen%C3%A9sz)</subfield>
  </datafield>
  <datafield tag="670" ind1=" " ind2=" ">
    <subfield code="a">OSZK, cit. 18. 11. 2020</subfield>
    <subfield code="b">autoritní forma, životní data</subfield>
  </datafield>
  <datafield tag="678" ind1="0" ind2=" ">
    <subfield code="a">Maďarský hudebník, hudební skladatel, zpěvák.</subfield>
  </datafield>
  <datafield tag="906" ind1=" " ind2=" ">
    <subfield code="a">za20201118</subfield>
    <subfield code="b">xlebe</subfield>
  </datafield>
</record>