

<record>
  <leader>     nz  a22     n  4500</leader>
  <controlfield tag="001">mub20201093251</controlfield>
  <controlfield tag="003">CZ PrNK</controlfield>
  <controlfield tag="005">20201119130523.0</controlfield>
  <controlfield tag="008">201118|n|aznnnaabn           n a|a      </controlfield>
  <datafield tag="040" ind1=" " ind2=" ">
    <subfield code="a">BOD114</subfield>
    <subfield code="b">cze</subfield>
    <subfield code="d">ABA001</subfield>
    <subfield code="e">rda</subfield>
  </datafield>
  <datafield tag="100" ind1="1" ind2=" ">
    <subfield code="a">Kucharski, Piotr</subfield>
    <subfield code="7">mub20201093251</subfield>
  </datafield>
  <datafield tag="370" ind1=" " ind2=" ">
    <subfield code="c">Polsko</subfield>
  </datafield>
  <datafield tag="372" ind1=" " ind2=" ">
    <subfield code="a">pracovní právo</subfield>
    <subfield code="a">evropské právo</subfield>
  </datafield>
  <datafield tag="374" ind1=" " ind2=" ">
    <subfield code="a">právníci</subfield>
    <subfield code="a">vysokoškolští učitelé</subfield>
  </datafield>
  <datafield tag="375" ind1=" " ind2=" ">
    <subfield code="a">muž</subfield>
  </datafield>
  <datafield tag="377" ind1=" " ind2=" ">
    <subfield code="a">pol</subfield>
  </datafield>
  <datafield tag="400" ind1="1" ind2=" ">
    <subfield code="a">Kucharski, Piotr Tadeusz</subfield>
    <subfield code="0">o</subfield>
  </datafield>
  <datafield tag="670" ind1=" " ind2=" ">
    <subfield code="a">Kucharski, Piotr: Ustanie stosunku pracy nauczycieli akademickich, 1990</subfield>
  </datafield>
  <datafield tag="670" ind1=" " ind2=" ">
    <subfield code="a">NUKAT, cit. 18. 11. 2020</subfield>
    <subfield code="b">autoritní forma, profesní údaje, dkaz viz</subfield>
  </datafield>
  <datafield tag="670" ind1=" " ind2=" ">
    <subfield code="a">BNPL, cit. 18. 11. 2020</subfield>
    <subfield code="b">publikační zaměření</subfield>
  </datafield>
  <datafield tag="678" ind1="0" ind2=" ">
    <subfield code="a">Polský právník, specialista na pracovní právo a evropské právo, vysokoškolský pedagog na Uniwersytetu Śląskim, Katowice.</subfield>
  </datafield>
  <datafield tag="906" ind1=" " ind2=" ">
    <subfield code="a">ko20201118</subfield>
    <subfield code="b">pospel</subfield>
  </datafield>
  <datafield tag="906" ind1=" " ind2=" ">
    <subfield code="a">vr20201119</subfield>
    <subfield code="b">maku</subfield>
  </datafield>
</record>