

<record>
  <leader>     nz  a22     n  4500</leader>
  <datafield tag="900" ind1=" " ind2=" ">
    <subfield code="a">*J-NÁVRH</subfield>
  </datafield>
  <controlfield tag="001">ntk20201093257</controlfield>
  <controlfield tag="003">CZ PrNK</controlfield>
  <controlfield tag="005">20201118183524.0</controlfield>
  <controlfield tag="008">201118|n|aznnnaabn           n a|a      </controlfield>
  <datafield tag="024" ind1="7" ind2=" ">
    <subfield code="a">0000000126522972</subfield>
    <subfield code="2">isni</subfield>
  </datafield>
  <datafield tag="024" ind1="7" ind2=" ">
    <subfield code="a">0000-0003-0108-2370</subfield>
    <subfield code="2">orcid</subfield>
  </datafield>
  <datafield tag="024" ind1="7" ind2=" ">
    <subfield code="a">Q56993321</subfield>
    <subfield code="2">wikidata</subfield>
  </datafield>
  <datafield tag="040" ind1=" " ind2=" ">
    <subfield code="a">ABA013</subfield>
    <subfield code="b">cze</subfield>
    <subfield code="e">rda</subfield>
  </datafield>
  <datafield tag="100" ind1="1" ind2=" ">
    <subfield code="a">Oyana, Tonny J.</subfield>
    <subfield code="7">ntk20201093257</subfield>
  </datafield>
  <datafield tag="368" ind1=" " ind2=" ">
    <subfield code="d">Ph.D.</subfield>
  </datafield>
  <datafield tag="370" ind1=" " ind2=" ">
    <subfield code="c">Spojené státy americké</subfield>
  </datafield>
  <datafield tag="372" ind1=" " ind2=" ">
    <subfield code="a">geografie</subfield>
    <subfield code="a">geografické informační systémy</subfield>
    <subfield code="a">vizualizace (počítačová grafika)</subfield>
    <subfield code="a">kartografie</subfield>
    <subfield code="a">prostorová data</subfield>
    <subfield code="a">prostorová statistika</subfield>
  </datafield>
  <datafield tag="373" ind1=" " ind2=" ">
    <subfield code="a">Makerere University</subfield>
    <subfield code="2">LC (Names)</subfield>
  </datafield>
  <datafield tag="374" ind1=" " ind2=" ">
    <subfield code="a">geografové</subfield>
    <subfield code="a">vysokoškolští učitelé</subfield>
    <subfield code="a">vědci</subfield>
  </datafield>
  <datafield tag="375" ind1=" " ind2=" ">
    <subfield code="a">muž</subfield>
  </datafield>
  <datafield tag="377" ind1=" " ind2=" ">
    <subfield code="a">eng</subfield>
  </datafield>
  <datafield tag="400" ind1="1" ind2=" ">
    <subfield code="a">Oyana, T. J.</subfield>
    <subfield code="0">o</subfield>
  </datafield>
  <datafield tag="400" ind1="1" ind2=" ">
    <subfield code="a">Oyana, Tonny</subfield>
    <subfield code="0">o</subfield>
  </datafield>
  <datafield tag="670" ind1=" " ind2=" ">
    <subfield code="a">Margai, Florence M. - Oyana, Tonny J.: Spatial analysis, c2016</subfield>
    <subfield code="b">profesní údaje</subfield>
  </datafield>
  <datafield tag="670" ind1=" " ind2=" ">
    <subfield code="a">LC (Names), cit. 18. 11. 2020</subfield>
    <subfield code="b">autoritní forma</subfield>
  </datafield>
  <datafield tag="670" ind1=" " ind2=" ">
    <subfield code="a">www(Makerere University), cit. 18. 11. 2020</subfield>
    <subfield code="b">profesní údaje</subfield>
  </datafield>
  <datafield tag="670" ind1=" " ind2=" ">
    <subfield code="a">www(isni), cit. 18. 11. 2020</subfield>
    <subfield code="b">odkaz viz</subfield>
  </datafield>
  <datafield tag="670" ind1=" " ind2=" ">
    <subfield code="a">www(orcid), cit. 18. 11. 2020</subfield>
    <subfield code="b">odkaz viz</subfield>
  </datafield>
  <datafield tag="678" ind1="0" ind2=" ">
    <subfield code="a">Odborník v oblasti geografie, specializuje se na geografické informační systémy, vizualizaci a kartografii, prostorovou analýzu a epidemiologii, geoprostorová data a prostorovou statistiku. Publikace v oboru.</subfield>
  </datafield>
  <datafield tag="906" ind1=" " ind2=" ">
    <subfield code="a">za20201118</subfield>
    <subfield code="b">japi</subfield>
  </datafield>
</record>