

<record>
  <leader>     nz  a22     n  4500</leader>
  <controlfield tag="001">mub20201093267</controlfield>
  <controlfield tag="003">CZ PrNK</controlfield>
  <controlfield tag="005">20201120090035.0</controlfield>
  <controlfield tag="008">201118|n|aznnnaabn           n a|a      </controlfield>
  <datafield tag="040" ind1=" " ind2=" ">
    <subfield code="a">BOD003</subfield>
    <subfield code="b">cze</subfield>
    <subfield code="d">ABA001</subfield>
    <subfield code="e">rda</subfield>
  </datafield>
  <datafield tag="046" ind1=" " ind2=" ">
    <subfield code="f">1820</subfield>
    <subfield code="g">1874</subfield>
  </datafield>
  <datafield tag="100" ind1="1" ind2=" ">
    <subfield code="a">Siefert, Otto,</subfield>
    <subfield code="d">1820-1874</subfield>
    <subfield code="7">mub20201093267</subfield>
  </datafield>
  <datafield tag="370" ind1=" " ind2=" ">
    <subfield code="c">Německo</subfield>
  </datafield>
  <datafield tag="372" ind1=" " ind2=" ">
    <subfield code="a">klasická filologie</subfield>
    <subfield code="a">řecká antická literatura</subfield>
    <subfield code="a">dějiny</subfield>
  </datafield>
  <datafield tag="374" ind1=" " ind2=" ">
    <subfield code="a">klasičtí filologové</subfield>
    <subfield code="a">historici</subfield>
    <subfield code="a">středoškolští učitelé</subfield>
    <subfield code="a">ředitelé škol</subfield>
    <subfield code="a">editoři</subfield>
  </datafield>
  <datafield tag="375" ind1=" " ind2=" ">
    <subfield code="a">muž</subfield>
  </datafield>
  <datafield tag="377" ind1=" " ind2=" ">
    <subfield code="a">ger</subfield>
  </datafield>
  <datafield tag="400" ind1="1" ind2=" ">
    <subfield code="a">Siefert, Otto Albrecht Bernhard,</subfield>
    <subfield code="d">1820-1874</subfield>
    <subfield code="0">o</subfield>
  </datafield>
  <datafield tag="400" ind1="1" ind2=" ">
    <subfield code="a">Siefert, O. A. B.,</subfield>
    <subfield code="d">1820-1874</subfield>
    <subfield code="0">o</subfield>
  </datafield>
  <datafield tag="670" ind1=" " ind2=" ">
    <subfield code="a">Plútarchos: Ausgewählte Biografien. Viertes Bändchen (für den Schulgebrauch erklärt Otto Siefert und Friedrich Blass), 1898</subfield>
  </datafield>
  <datafield tag="670" ind1=" " ind2=" ">
    <subfield code="a">DNB, cit. 18. 11. 2020</subfield>
    <subfield code="b">autoritní forma, datum narození a úmrtí, odkazy viz, biografické údaje</subfield>
  </datafield>
  <datafield tag="678" ind1="0" ind2=" ">
    <subfield code="a">Německý klasický filolog, historik, středoškolský pedagog a ředitel gymnázia, editor řecké antické literatury.</subfield>
  </datafield>
  <datafield tag="906" ind1=" " ind2=" ">
    <subfield code="a">za20201118</subfield>
    <subfield code="b">krekovax</subfield>
  </datafield>
  <datafield tag="906" ind1=" " ind2=" ">
    <subfield code="a">ko20201119</subfield>
    <subfield code="b">pospel</subfield>
    <subfield code="c">374 - oprava</subfield>
  </datafield>
  <datafield tag="906" ind1=" " ind2=" ">
    <subfield code="a">vr20201120</subfield>
    <subfield code="b">maku</subfield>
  </datafield>
</record>