

<record>
  <leader>     nz  a22     n  4500</leader>
  <datafield tag="900" ind1=" " ind2=" ">
    <subfield code="a">K-NÁVRH</subfield>
  </datafield>
  <controlfield tag="001">ko20201093305</controlfield>
  <controlfield tag="003">CZ PrNK</controlfield>
  <controlfield tag="005">20201119080336.0</controlfield>
  <controlfield tag="008">201119|n|aznnnaabn           n a|a      </controlfield>
  <datafield tag="040" ind1=" " ind2=" ">
    <subfield code="a">ABA001</subfield>
    <subfield code="b">cze</subfield>
    <subfield code="e">rda</subfield>
  </datafield>
  <datafield tag="111" ind1="2" ind2=" ">
    <subfield code="a">Ullmannovské slavnosti (festival)</subfield>
    <subfield code="c">(Český Těšín, Česko;</subfield>
    <subfield code="c">Cieszyn, Polsko)</subfield>
    <subfield code="7">ko20201093305</subfield>
  </datafield>
  <datafield tag="370" ind1=" " ind2=" ">
    <subfield code="c">Česko</subfield>
  </datafield>
  <datafield tag="670" ind1=" " ind2=" ">
    <subfield code="a">Ullmannovské slavnosti ... : ... ročník mezinárodního hudebního festivalu = Uroczystości Ullmannowskie ... : 2 edycja międzynarodowego festiwalu muzycznego = Ullmann-Feierlichkeiten ... : 2. Jahrgang des internationalen Musikfestivals : Český Těšín/Cieszyn ...</subfield>
  </datafield>
  <datafield tag="906" ind1=" " ind2=" ">
    <subfield code="a">za20201119</subfield>
    <subfield code="b">zuno</subfield>
  </datafield>
</record>