

<record>
  <leader>     nz  a22     n  4500</leader>
  <controlfield tag="001">kon20201093321</controlfield>
  <controlfield tag="003">CZ PrNK</controlfield>
  <controlfield tag="005">20201119094115.0</controlfield>
  <controlfield tag="008">201119|n|aznnnaabn           n a|a      </controlfield>
  <datafield tag="040" ind1=" " ind2=" ">
    <subfield code="a">ABA001</subfield>
    <subfield code="b">cze</subfield>
    <subfield code="e">rda</subfield>
  </datafield>
  <datafield tag="110" ind1="2" ind2=" ">
    <subfield code="a">Slovanská knihovna (Praha, Česko).</subfield>
    <subfield code="t">Výroční zpráva (Slovanská knihovna (Praha, Česko))</subfield>
    <subfield code="7">kon20201093321</subfield>
  </datafield>
  <datafield tag="410" ind1="2" ind2=" ">
    <subfield code="a">Slovanská knihovna (Praha, Česko).</subfield>
    <subfield code="t">Výroční zpráva Slovanské knihovny Ministerstva zahraničních věcí v Praze</subfield>
    <subfield code="0">o</subfield>
  </datafield>
  <datafield tag="670" ind1=" " ind2=" ">
    <subfield code="a">Výroční zpráva Slovanské knihovny Ministerstva zahraničních věcí v Praze. Praha : nákladem Slovanské knihovny, 1929-1948</subfield>
  </datafield>
  <datafield tag="906" ind1=" " ind2=" ">
    <subfield code="a">br20201119</subfield>
    <subfield code="b">juri</subfield>
  </datafield>
  <datafield tag="906" ind1=" " ind2=" ">
    <subfield code="a">ks20201119</subfield>
    <subfield code="b">juri</subfield>
  </datafield>
</record>