

<record>
  <leader>     nz  a22     n  4500</leader>
  <datafield tag="900" ind1=" " ind2=" ">
    <subfield code="a">K-NÁVRH</subfield>
  </datafield>
  <controlfield tag="001">ko20201093332</controlfield>
  <controlfield tag="003">CZ PrNK</controlfield>
  <controlfield tag="005">20201119100815.0</controlfield>
  <controlfield tag="008">201119|n|aznnnaabn           n a|a      </controlfield>
  <datafield tag="040" ind1=" " ind2=" ">
    <subfield code="a">ABA001</subfield>
    <subfield code="b">cze</subfield>
    <subfield code="e">rda</subfield>
  </datafield>
  <datafield tag="111" ind1="2" ind2=" ">
    <subfield code="a">Sladovnický ječmen - ječmen a cukrovka v ohrožení, hledáme řešení... (konference)</subfield>
    <subfield code="d">(2020 :</subfield>
    <subfield code="c">Černá Hora, Blansko, Česko;</subfield>
    <subfield code="c">Vsisko, Velký Týnec, Česko;</subfield>
    <subfield code="c">Bezno, Mladá Boleslav, Česko;</subfield>
    <subfield code="c">Perknov, Havlíčkův Brod, Česko)</subfield>
    <subfield code="7">ko20201093332</subfield>
  </datafield>
  <datafield tag="368" ind1=" " ind2=" ">
    <subfield code="a">konference</subfield>
  </datafield>
  <datafield tag="370" ind1=" " ind2=" ">
    <subfield code="c">Česko</subfield>
  </datafield>
  <datafield tag="372" ind1=" " ind2=" ">
    <subfield code="a">sladovnický ječmen</subfield>
    <subfield code="a">pěstování užitkových rostlin</subfield>
  </datafield>
  <datafield tag="377" ind1=" " ind2=" ">
    <subfield code="a">cze</subfield>
  </datafield>
  <datafield tag="411" ind1="2" ind2=" ">
    <subfield code="a">Sladovnický ječmen (konference)</subfield>
    <subfield code="d">(2020 :</subfield>
    <subfield code="c">Černá Hora, Blansko, Česko;</subfield>
    <subfield code="c">Vsisko, Velký Týnec, Česko;</subfield>
    <subfield code="c">Bezno, Mladá Boleslav, Česko;</subfield>
    <subfield code="c">Perknov, Havlíčkův Brod, Česko)</subfield>
    <subfield code="0">o</subfield>
  </datafield>
  <datafield tag="670" ind1=" " ind2=" ">
    <subfield code="a">Konference Sladovnický ječmen 2020 : téma: Ječmen a cukrovka v ohrožení, hledáme řešení... : 20.1.-23.1.2020</subfield>
  </datafield>
  <datafield tag="906" ind1=" " ind2=" ">
    <subfield code="a">za20201119</subfield>
    <subfield code="b">joti</subfield>
  </datafield>
</record>