

<record>
  <leader>     cz  a22     n  4500</leader>
  <controlfield tag="001">xx0254175</controlfield>
  <controlfield tag="003">CZ PrNK</controlfield>
  <controlfield tag="005">20201120112812.0</controlfield>
  <controlfield tag="008">201119|n|aznnnaabn           n a|a      </controlfield>
  <datafield tag="040" ind1=" " ind2=" ">
    <subfield code="a">ABE370</subfield>
    <subfield code="b">cze</subfield>
    <subfield code="d">ABA001</subfield>
    <subfield code="e">rda</subfield>
  </datafield>
  <datafield tag="110" ind1="2" ind2=" ">
    <subfield code="a">Beethovenova společnost</subfield>
    <subfield code="7">xx0254175</subfield>
  </datafield>
  <datafield tag="368" ind1=" " ind2=" ">
    <subfield code="a">zájmová sdružení</subfield>
    <subfield code="a">hudební spolky</subfield>
    <subfield code="s">1962</subfield>
    <subfield code="t">1972</subfield>
  </datafield>
  <datafield tag="370" ind1=" " ind2=" ">
    <subfield code="c">Česko</subfield>
    <subfield code="e">Hradec nad Moravicí, Česko</subfield>
    <subfield code="f">Československo</subfield>
  </datafield>
  <datafield tag="372" ind1=" " ind2=" ">
    <subfield code="a">hudba</subfield>
    <subfield code="a">vážná hudba</subfield>
    <subfield code="a">muzikologie</subfield>
  </datafield>
  <datafield tag="377" ind1=" " ind2=" ">
    <subfield code="a">cze</subfield>
  </datafield>
  <datafield tag="410" ind1="2" ind2=" ">
    <subfield code="a">Beethovenova společnost v Československu</subfield>
    <subfield code="0">o</subfield>
  </datafield>
  <datafield tag="670" ind1=" " ind2=" ">
    <subfield code="a">Československá beethoveniána : [sborníky Beethovenovy společnosti v ČSSR]</subfield>
  </datafield>
  <datafield tag="670" ind1=" " ind2=" ">
    <subfield code="a">www(Český hudební slovník osob a institucí), cit. 19. 11. 2020</subfield>
    <subfield code="b">autoritní forma, data</subfield>
    <subfield code="u">https://www.ceskyhudebnislovnik.cz/slovnik/index.php?option=com_mdictionary&amp;task=record.record_detail&amp;id=1602</subfield>
  </datafield>
  <datafield tag="678" ind1=" " ind2=" ">
    <subfield code="a">Zájmové sdružení českých a slovenských muzikologů, koncertních umělců a popularizátorů života a díla Ludwiga van Beethovena působící v letech 1962-1972, pokus o obnovení činnosti 1990-2000.</subfield>
  </datafield>
  <datafield tag="906" ind1=" " ind2=" ">
    <subfield code="a">za20201119</subfield>
    <subfield code="b">xdars</subfield>
  </datafield>
  <datafield tag="906" ind1=" " ind2=" ">
    <subfield code="a">op20201120</subfield>
    <subfield code="b">svsv</subfield>
    <subfield code="c">Biografická poznámka - formální oprava; Další info - doplnění; Související místo - doplnění; Oblast působení - doplnění</subfield>
  </datafield>
</record>