

<record>
  <leader>     cz  a22     n  4500</leader>
  <controlfield tag="001">xx0254179</controlfield>
  <controlfield tag="003">CZ PrNK</controlfield>
  <controlfield tag="005">20201120053515.0</controlfield>
  <controlfield tag="008">201119|n|aznnnaabn           n a|a      </controlfield>
  <datafield tag="040" ind1=" " ind2=" ">
    <subfield code="a">ABA008</subfield>
    <subfield code="b">cze</subfield>
    <subfield code="d">ABA001</subfield>
    <subfield code="e">rda</subfield>
  </datafield>
  <datafield tag="100" ind1="1" ind2=" ">
    <subfield code="a">Rosenberg, V. M.</subfield>
    <subfield code="q">(Vivian M.)</subfield>
    <subfield code="7">xx0254179</subfield>
  </datafield>
  <datafield tag="MOR" ind1="0" ind2=" ">
    <subfield code="a">Rosenberg, Vivian M.</subfield>
    <subfield code="7">xx0254179</subfield>
  </datafield>
  <datafield tag="368" ind1=" " ind2=" ">
    <subfield code="d">PhD</subfield>
  </datafield>
  <datafield tag="370" ind1=" " ind2=" ">
    <subfield code="c">Spojené státy americké</subfield>
  </datafield>
  <datafield tag="372" ind1=" " ind2=" ">
    <subfield code="a">dějiny</subfield>
    <subfield code="a">filozofie</subfield>
  </datafield>
  <datafield tag="374" ind1=" " ind2=" ">
    <subfield code="a">historičky</subfield>
    <subfield code="a">filozofky</subfield>
  </datafield>
  <datafield tag="375" ind1=" " ind2=" ">
    <subfield code="a">žena</subfield>
  </datafield>
  <datafield tag="377" ind1=" " ind2=" ">
    <subfield code="a">eng</subfield>
  </datafield>
  <datafield tag="400" ind1="1" ind2=" ">
    <subfield code="a">Rosenberg, Vivian M.</subfield>
    <subfield code="0">o</subfield>
  </datafield>
  <datafield tag="670" ind1=" " ind2=" ">
    <subfield code="a">Rosenberg, Vivian M.: Reading, writing, and thinking, 1989</subfield>
  </datafield>
  <datafield tag="670" ind1=" " ind2=" ">
    <subfield code="a">LC (Names), cit. 20. 11. 2020</subfield>
    <subfield code="b">autoritní forma, odkaz viz</subfield>
  </datafield>
  <datafield tag="670" ind1=" " ind2=" ">
    <subfield code="a">www(December 2010 - Congregation Kol Ami), cit. 19. 11. 2020</subfield>
    <subfield code="b">profesní data</subfield>
  </datafield>
  <datafield tag="678" ind1="0" ind2=" ">
    <subfield code="a">Vysokoškolská pedagožka v oblasti humanitních předmětů, převážně filozofie a historie.</subfield>
  </datafield>
  <datafield tag="906" ind1=" " ind2=" ">
    <subfield code="a">za20201119</subfield>
    <subfield code="b">xlufr</subfield>
  </datafield>
  <datafield tag="906" ind1=" " ind2=" ">
    <subfield code="a">oz20201120</subfield>
    <subfield code="b">lisi</subfield>
    <subfield code="c">Záhlaví - změna na viz, viz - nově, pole 370 - nově, pole 373 - chybné, zrušeno, zdroj - aktualizace</subfield>
  </datafield>
</record>