

<record>
  <leader>     nz  a22     n  4500</leader>
  <controlfield tag="001">kon20201093353</controlfield>
  <controlfield tag="003">CZ PrNK</controlfield>
  <controlfield tag="005">20201119105305.0</controlfield>
  <controlfield tag="008">201119|n|aznnnaabn           n a|a      </controlfield>
  <datafield tag="040" ind1=" " ind2=" ">
    <subfield code="a">ABA001</subfield>
    <subfield code="b">cze</subfield>
    <subfield code="e">rda</subfield>
  </datafield>
  <datafield tag="110" ind1="2" ind2=" ">
    <subfield code="a">Verein für bergbaulichen Interessen im nordwestlichen Böhmen.</subfield>
    <subfield code="t">Výroční zpráva (Verein für bergbaulichen Interessen im nordwestlichen Böhmen).</subfield>
    <subfield code="l">Německy</subfield>
    <subfield code="7">kon20201093353</subfield>
  </datafield>
  <datafield tag="410" ind1="2" ind2=" ">
    <subfield code="a">Verein für bergbaulichen Interessen im nordwestlichen Böhmen.</subfield>
    <subfield code="t">Verein für die bergbaulichen Interessen im nordwestlichen Böhmen zu Teplitz hat an die K.k. Berghauptmannschaft in Prag folgenden Jahres-Bericht</subfield>
    <subfield code="0">o</subfield>
  </datafield>
  <datafield tag="410" ind1="2" ind2=" ">
    <subfield code="a">Verein für bergbaulichen Interessen im nordwestlichen Böhmen.</subfield>
    <subfield code="t">Bericht des Vereins für die bergbaulichen Interessen im nordwestlichen Böhmen zu Teplitz</subfield>
    <subfield code="0">o</subfield>
  </datafield>
  <datafield tag="670" ind1=" " ind2=" ">
    <subfield code="a">Verein für die bergbaulichen Interessen im nordwestlichen Böhmen zu Teplitz hat an die K.k. Berghauptmannschaft in Prag folgenden Jahres-Bericht. Teplitz : [Verein für die bergbaulichen Interessen im nordwestlichen Böhmen zu Teplitz], [1880-1918?]</subfield>
  </datafield>
  <datafield tag="906" ind1=" " ind2=" ">
    <subfield code="a">br20201119</subfield>
    <subfield code="b">juri</subfield>
  </datafield>
  <datafield tag="906" ind1=" " ind2=" ">
    <subfield code="a">ks20201119</subfield>
    <subfield code="b">juri</subfield>
  </datafield>
</record>