

<record>
  <leader>     nz  a22     n  4500</leader>
  <controlfield tag="001">aun20201093354</controlfield>
  <controlfield tag="003">CZ PrNK</controlfield>
  <controlfield tag="005">20201119105630.0</controlfield>
  <controlfield tag="008">201119|n|aznnnaabn           n a|a      </controlfield>
  <datafield tag="040" ind1=" " ind2=" ">
    <subfield code="a">ABA001</subfield>
    <subfield code="b">cze</subfield>
    <subfield code="e">rda</subfield>
  </datafield>
  <datafield tag="100" ind1="1" ind2=" ">
    <subfield code="a">Hrabal, Bohumil,</subfield>
    <subfield code="d">1914-1997.</subfield>
    <subfield code="t">Příliš hlučná samota.</subfield>
    <subfield code="l">Ukrajinsky</subfield>
    <subfield code="7">aun20201093354</subfield>
  </datafield>
  <datafield tag="400" ind1="1" ind2=" ">
    <subfield code="a">Hrabal, Bohumil,</subfield>
    <subfield code="d">1914-1997.</subfield>
    <subfield code="t">Zanadto hučna samotnìst‘</subfield>
    <subfield code="0">o</subfield>
  </datafield>
  <datafield tag="670" ind1=" " ind2=" ">
    <subfield code="a">Slovník českých spisovatelů od roku 1945. Díl 1, A-L</subfield>
  </datafield>
  <datafield tag="670" ind1=" " ind2=" ">
    <subfield code="a">www(Vikipedija, vil‘na ènciklopedija), cit. 19. 11. 2020</subfield>
  </datafield>
  <datafield tag="670" ind1=" " ind2=" ">
    <subfield code="a">Bohumil Hrabal: Zanadto hučna samotnìst‘. Kyjiv : Vydavnyčyj dìm "Komora", 2020</subfield>
  </datafield>
  <datafield tag="856" ind1="4" ind2="2">
    <subfield code="u">https://www.yakaboo.ua/ua/zanadto-guchna-samotnist.html</subfield>
    <subfield code="4">N</subfield>
  </datafield>
  <datafield tag="906" ind1=" " ind2=" ">
    <subfield code="a">br20201119</subfield>
    <subfield code="b">blau</subfield>
  </datafield>
  <datafield tag="906" ind1=" " ind2=" ">
    <subfield code="a">ks20201119</subfield>
    <subfield code="b">blau</subfield>
  </datafield>
</record>