

<record>
  <leader>     nz  a22     n  4500</leader>
  <controlfield tag="001">kon20201093359</controlfield>
  <controlfield tag="003">CZ PrNK</controlfield>
  <controlfield tag="005">20201119110836.0</controlfield>
  <controlfield tag="008">201119|n|aznnnaabn           n a|a      </controlfield>
  <datafield tag="040" ind1=" " ind2=" ">
    <subfield code="a">ABA001</subfield>
    <subfield code="b">cze</subfield>
    <subfield code="e">rda</subfield>
  </datafield>
  <datafield tag="110" ind1="2" ind2=" ">
    <subfield code="a">Spořitelna města Nymburka.</subfield>
    <subfield code="t">Výroční zpráva (Spořitelna města Nymburka)</subfield>
    <subfield code="7">kon20201093359</subfield>
  </datafield>
  <datafield tag="410" ind1="2" ind2=" ">
    <subfield code="a">Spořitelna města Nymburka.</subfield>
    <subfield code="t">Výroční zpráva Spořitelny města Nymburka</subfield>
    <subfield code="0">o</subfield>
  </datafield>
  <datafield tag="670" ind1=" " ind2=" ">
    <subfield code="a">.. výroční zpráva Spořitelny města Nymburka. [Nymburk] : [Spořitelna města Nymburka], [1902-1940?]</subfield>
  </datafield>
  <datafield tag="906" ind1=" " ind2=" ">
    <subfield code="a">br20201119</subfield>
    <subfield code="b">juri</subfield>
  </datafield>
  <datafield tag="906" ind1=" " ind2=" ">
    <subfield code="a">ks20201119</subfield>
    <subfield code="b">juri</subfield>
  </datafield>
</record>