

<record>
  <leader>     nz  a22     n  4500</leader>
  <controlfield tag="001">kon20201093365</controlfield>
  <controlfield tag="003">CZ PrNK</controlfield>
  <controlfield tag="005">20201119112856.0</controlfield>
  <controlfield tag="008">201119|n|aznnnaabn           n a|a      </controlfield>
  <datafield tag="040" ind1=" " ind2=" ">
    <subfield code="a">ABA001</subfield>
    <subfield code="b">cze</subfield>
    <subfield code="e">rda</subfield>
  </datafield>
  <datafield tag="110" ind1="2" ind2=" ">
    <subfield code="a">Česká zemědělská univerzita v Praze.</subfield>
    <subfield code="t">Výroční zpráva (Česká zemědělská univerzita v Praze)</subfield>
    <subfield code="7">kon20201093365</subfield>
  </datafield>
  <datafield tag="410" ind1="2" ind2=" ">
    <subfield code="a">Česká zemědělská univerzita v Praze.</subfield>
    <subfield code="t">Výroční zpráva o činnosti (Česká zemědělská univerzita v Praze)</subfield>
    <subfield code="0">o</subfield>
  </datafield>
  <datafield tag="410" ind1="2" ind2=" ">
    <subfield code="a">Česká zemědělská univerzita v Praze.</subfield>
    <subfield code="t">Výroční zpráva o hospodaření (Česká zemědělská univerzita v Praze)</subfield>
    <subfield code="0">o</subfield>
  </datafield>
  <datafield tag="680" ind1=" " ind2=" ">
    <subfield code="i">Společný záznam pro Výroční zprávy o činnosti a Výroční zprávy o hospodaření.</subfield>
  </datafield>
  <datafield tag="856" ind1="4" ind2="2">
    <subfield code="u">https://www.czu.cz/cs/r-7210-o-czu/r-7702-oficialni-dokumenty/r-7812-vyrocni-zpravy</subfield>
    <subfield code="4">N</subfield>
  </datafield>
  <datafield tag="906" ind1=" " ind2=" ">
    <subfield code="a">br20201119</subfield>
    <subfield code="b">blau</subfield>
  </datafield>
  <datafield tag="906" ind1=" " ind2=" ">
    <subfield code="a">ks20201119</subfield>
    <subfield code="b">blau</subfield>
  </datafield>
</record>