

<record>
  <leader>     nz  a22     n  4500</leader>
  <datafield tag="900" ind1=" " ind2=" ">
    <subfield code="a">J-NÁVRH-STT</subfield>
  </datafield>
  <controlfield tag="001">ntk20201093369</controlfield>
  <controlfield tag="003">CZ PrNK</controlfield>
  <controlfield tag="005">20201119160210.0</controlfield>
  <controlfield tag="008">201119|n|aznnnaabn           n a|a      </controlfield>
  <datafield tag="040" ind1=" " ind2=" ">
    <subfield code="a">ABA013</subfield>
    <subfield code="b">cze</subfield>
    <subfield code="e">rda</subfield>
  </datafield>
  <datafield tag="046" ind1=" " ind2=" ">
    <subfield code="g">1680</subfield>
  </datafield>
  <datafield tag="100" ind1="1" ind2=" ">
    <subfield code="a">Globic z Bučína, Jan Daniel,</subfield>
    <subfield code="d">-1680</subfield>
    <subfield code="7">ntk20201093369</subfield>
  </datafield>
  <datafield tag="370" ind1=" " ind2=" ">
    <subfield code="b">Praha, Česko</subfield>
    <subfield code="c">Česko</subfield>
  </datafield>
  <datafield tag="372" ind1=" " ind2=" ">
    <subfield code="a">lékařství</subfield>
    <subfield code="a">filozofie</subfield>
    <subfield code="a">přírodní vědy</subfield>
  </datafield>
  <datafield tag="374" ind1=" " ind2=" ">
    <subfield code="a">lékaři</subfield>
    <subfield code="a">šlechtici</subfield>
    <subfield code="a">filozofové</subfield>
  </datafield>
  <datafield tag="375" ind1=" " ind2=" ">
    <subfield code="a">muž</subfield>
  </datafield>
  <datafield tag="377" ind1=" " ind2=" ">
    <subfield code="a">cze</subfield>
    <subfield code="a">lat</subfield>
    <subfield code="a">ger</subfield>
  </datafield>
  <datafield tag="400" ind1="1" ind2=" ">
    <subfield code="a">Globic, Jan Daniel,</subfield>
    <subfield code="d">-1680</subfield>
    <subfield code="0">o</subfield>
  </datafield>
  <datafield tag="400" ind1="1" ind2=" ">
    <subfield code="a">Globicz de Buczina, Joannes Daniel,</subfield>
    <subfield code="d">-1680</subfield>
    <subfield code="0">o</subfield>
  </datafield>
  <datafield tag="400" ind1="1" ind2=" ">
    <subfield code="a">Globicz de Buczina, Johann Daniel,</subfield>
    <subfield code="d">-1680</subfield>
    <subfield code="0">o</subfield>
  </datafield>
  <datafield tag="400" ind1="1" ind2=" ">
    <subfield code="a">Globitz de Buczina, Daniel,</subfield>
    <subfield code="d">-1680</subfield>
    <subfield code="0">o</subfield>
  </datafield>
  <datafield tag="400" ind1="1" ind2=" ">
    <subfield code="a">Globicz, Johannes Daniel,</subfield>
    <subfield code="d">-1680</subfield>
    <subfield code="0">o</subfield>
  </datafield>
  <datafield tag="400" ind1="1" ind2=" ">
    <subfield code="a">Globicz, Johann Daniel,</subfield>
    <subfield code="d">-1680</subfield>
    <subfield code="0">o</subfield>
  </datafield>
  <datafield tag="400" ind1="1" ind2=" ">
    <subfield code="a">Globioz de Buczina, Johann Daniel,</subfield>
    <subfield code="d">-1680</subfield>
    <subfield code="0">o</subfield>
  </datafield>
  <datafield tag="400" ind1="1" ind2=" ">
    <subfield code="a">Buczina, Johann Daniel Globioz de,</subfield>
    <subfield code="d">-1680</subfield>
    <subfield code="0">o</subfield>
  </datafield>
  <datafield tag="400" ind1="1" ind2=" ">
    <subfield code="a">Buczina, Johann Daniel Globicz de,</subfield>
    <subfield code="d">-1680</subfield>
    <subfield code="0">o</subfield>
  </datafield>
  <datafield tag="667" ind1=" " ind2=" ">
    <subfield code="a">Nespojovat s Janem Danielem Globicem z Bučína, který získal predikát z Bučína 23. srpna 1662, přísedící při staroměstském úřadě nákladníků a zemřel 1694. DNB spojuje obě osoby do jedné autority.</subfield>
    <subfield code="u">http://d-nb.info/gnd/12495247X.</subfield>
  </datafield>
  <datafield tag="670" ind1=" " ind2=" ">
    <subfield code="a">Marek z Kronlandu, Marci Jan: OTHO-SOPHIA, SEU PHILOSOPHIA IMPULSUS UNIVERSALIS ... (Index Alphabeticus Capitum, ... cofectus à Prænobili &amp; Excellentis: D. Daniele Globitz de Buczina, Phil. &amp; Medicinæ Doctore, Boemo Pragensi), 1683</subfield>
    <subfield code="b">profese, odkaz viz</subfield>
  </datafield>
  <datafield tag="670" ind1=" " ind2=" ">
    <subfield code="a">www(Nová šlechta v českých zemích a podunajské monarchii, Globic z Bučína), cit. 19. 11. 2020</subfield>
    <subfield code="b">autoritní forma, profesní údaje, datum a místo úmrtí</subfield>
    <subfield code="u">http://www.novanobilitas.eu/rod/globic-z-bucina</subfield>
  </datafield>
  <datafield tag="670" ind1=" " ind2=" ">
    <subfield code="a">Tripus Medicinae, Oracula Hippocratica divulgans. Seu Hippocratis Aphorismorum Omnium (Authore Joanne Daniele Globicz de Buczina, M. D. Boëmo Pragensi), 1681</subfield>
    <subfield code="b">odkaz viz</subfield>
    <subfield code="u">http://data.onb.ac.at/rep/1060A176</subfield>
  </datafield>
  <datafield tag="670" ind1=" " ind2=" ">
    <subfield code="a">www(CERL Thesaurus), cit. 19. 11. 2020</subfield>
    <subfield code="b">odkazy viz</subfield>
  </datafield>
  <datafield tag="678" ind1="0" ind2=" ">
    <subfield code="a">Lékař. Zemřel za moru 1680 v Praze. Studoval lékařství u Marci Jana Marka z Kronlandu. Byl synem zemského měřiče a kartografa Samuela Globice z Bučína.</subfield>
  </datafield>
  <datafield tag="906" ind1=" " ind2=" ">
    <subfield code="a">za20201119</subfield>
    <subfield code="b">jime</subfield>
  </datafield>
  <datafield tag="906" ind1=" " ind2=" ">
    <subfield code="a">ko20201119</subfield>
    <subfield code="b">evbr</subfield>
  </datafield>
</record>