

<record>
  <leader>     nz  a22     n  4500</leader>
  <controlfield tag="001">kon20201093380</controlfield>
  <controlfield tag="003">CZ PrNK</controlfield>
  <controlfield tag="005">20201119122508.0</controlfield>
  <controlfield tag="008">201119|n|aznnnaabn           n a|a      </controlfield>
  <datafield tag="040" ind1=" " ind2=" ">
    <subfield code="a">ABA001</subfield>
    <subfield code="b">cze</subfield>
    <subfield code="e">rda</subfield>
  </datafield>
  <datafield tag="110" ind1="2" ind2=" ">
    <subfield code="a">Farní cyrilská jednota (Žižkov, Praha, Česko).</subfield>
    <subfield code="t">Výroční zpráva (Farní cyrilská jednota (Žižkov, Praha, Česko))</subfield>
    <subfield code="7">kon20201093380</subfield>
  </datafield>
  <datafield tag="410" ind1="2" ind2=" ">
    <subfield code="a">Farní cyrilská jednota (Žižkov, Praha, Česko).</subfield>
    <subfield code="t">Výroční zpráva "Farní cyrillské jednoty" v Žižkově</subfield>
    <subfield code="0">o</subfield>
  </datafield>
  <datafield tag="670" ind1=" " ind2=" ">
    <subfield code="a">Výroční zpráva "Farní cyrillské jednoty" v Žižkově. V Praze : nákladem vlastním, [1915]</subfield>
  </datafield>
  <datafield tag="906" ind1=" " ind2=" ">
    <subfield code="a">br20201119</subfield>
    <subfield code="b">juri</subfield>
  </datafield>
  <datafield tag="906" ind1=" " ind2=" ">
    <subfield code="a">ks20201119</subfield>
    <subfield code="b">juri</subfield>
  </datafield>
</record>