

<record>
  <leader>     nz  a22     n  4500</leader>
  <datafield tag="900" ind1=" " ind2=" ">
    <subfield code="a">*J-NÁVRH</subfield>
  </datafield>
  <controlfield tag="001">mzk20201093386</controlfield>
  <controlfield tag="003">CZ PrNK</controlfield>
  <controlfield tag="005">20201119130901.0</controlfield>
  <controlfield tag="008">201119|n|aznnnaabn           n a|a      </controlfield>
  <datafield tag="040" ind1=" " ind2=" ">
    <subfield code="a">BOA001</subfield>
    <subfield code="b">cze</subfield>
    <subfield code="e">rda</subfield>
  </datafield>
  <datafield tag="046" ind1=" " ind2=" ">
    <subfield code="f">1937</subfield>
  </datafield>
  <datafield tag="100" ind1="1" ind2=" ">
    <subfield code="a">Theissen, Wolfgang,</subfield>
    <subfield code="d">1937-</subfield>
    <subfield code="7">mzk20201093386</subfield>
  </datafield>
  <datafield tag="370" ind1=" " ind2=" ">
    <subfield code="a">Bonn, Německo</subfield>
    <subfield code="c">Německo</subfield>
  </datafield>
  <datafield tag="372" ind1=" " ind2=" ">
    <subfield code="a">sociální lékařství</subfield>
    <subfield code="a">zdravotně-sociální služby</subfield>
    <subfield code="a">sociálně ohrožené skupiny</subfield>
    <subfield code="a">charitativní činnost</subfield>
  </datafield>
  <datafield tag="374" ind1=" " ind2=" ">
    <subfield code="a">lékaři</subfield>
  </datafield>
  <datafield tag="375" ind1=" " ind2=" ">
    <subfield code="a">muž</subfield>
  </datafield>
  <datafield tag="377" ind1=" " ind2=" ">
    <subfield code="a">ger</subfield>
  </datafield>
  <datafield tag="400" ind1="1" ind2=" ">
    <subfield code="a">Theißen, Wolfgang,</subfield>
    <subfield code="d">1937-</subfield>
    <subfield code="0">o</subfield>
  </datafield>
  <datafield tag="670" ind1=" " ind2=" ">
    <subfield code="a">Theissen, Wolfgang: Medizinische und aussermedizinische Ursachen der vorzeitigen Zurruhesetzung bei Triebfahrzeugführern und Zugbegleitern der Deutschen Bundesbahn, 1972</subfield>
  </datafield>
  <datafield tag="670" ind1=" " ind2=" ">
    <subfield code="a">DNB, cit. 19. 11. 2020</subfield>
    <subfield code="b">autoritní forma</subfield>
  </datafield>
  <datafield tag="670" ind1=" " ind2=" ">
    <subfield code="a">www(Museum der Rundfunk &amp; Kommunikationstechnik Kleinsteinach), cit. 19. 11. 2020</subfield>
    <subfield code="b">biografické údaje, datum narození, místo narození</subfield>
    <subfield code="u">http://www.museum.schuell.net/gruender%20wt.htm</subfield>
  </datafield>
  <datafield tag="670" ind1=" " ind2=" ">
    <subfield code="a">www(Brantner Rudi: Warum es in Kleinsteinach mindestens zwei „Christkinder“ gibt. In: Main-Post), 22. 12. 2019, cit. 19. 11. 2020</subfield>
    <subfield code="b">odkaz viz</subfield>
    <subfield code="u">https://www.mainpost.de/regional/hassberge/warum-es-in-kleinsteinach-mindestens-zwei-christkinder-gibt-art-10375975</subfield>
  </datafield>
  <datafield tag="678" ind1="0" ind2=" ">
    <subfield code="a">Německý lékař zaměřený též na zdravotně-sociální služby a charitativní činnost pro sociálně ohrožené skupiny.</subfield>
  </datafield>
  <datafield tag="906" ind1=" " ind2=" ">
    <subfield code="a">za20201119</subfield>
    <subfield code="b">svobal</subfield>
  </datafield>
</record>