

<record>
  <leader>     nz  a22     n  4500</leader>
  <controlfield tag="001">kon20201093390</controlfield>
  <controlfield tag="003">CZ PrNK</controlfield>
  <controlfield tag="005">20201119131754.0</controlfield>
  <controlfield tag="008">201119|n|aznnnaabn           n a|a      </controlfield>
  <datafield tag="040" ind1=" " ind2=" ">
    <subfield code="a">ABA001</subfield>
    <subfield code="b">cze</subfield>
    <subfield code="e">rda</subfield>
  </datafield>
  <datafield tag="110" ind1="2" ind2=" ">
    <subfield code="a">Akademie věd České republiky.</subfield>
    <subfield code="b">Technologické centrum.</subfield>
    <subfield code="t">Výroční zpráva (Akademie věd České republiky. Technologické centrum)</subfield>
    <subfield code="l">Anglicky</subfield>
    <subfield code="7">kon20201093390</subfield>
  </datafield>
  <datafield tag="410" ind1="2" ind2=" ">
    <subfield code="a">Akademie věd České republiky.</subfield>
    <subfield code="b">Technologické centrum.</subfield>
    <subfield code="t">Annual report (Akademie věd České republiky. Technologické centrum)</subfield>
    <subfield code="0">o</subfield>
  </datafield>
  <datafield tag="670" ind1=" " ind2=" ">
    <subfield code="a">Výroční zpráva Technologického centra AV ČR 2011 = Annual report of the Technology Centre ASCR 2011. [Praha] : Technologické centrum AV ČR, 2012</subfield>
  </datafield>
  <datafield tag="856" ind1="4" ind2="2">
    <subfield code="u">https://www.tc.cz/cs/search?q=v%C3%BDro%C4%8Dn%C3%AD+zpr%C3%A1va</subfield>
    <subfield code="4">N</subfield>
  </datafield>
  <datafield tag="906" ind1=" " ind2=" ">
    <subfield code="a">br20201119</subfield>
    <subfield code="b">blau</subfield>
  </datafield>
</record>