

<record>
  <leader>     nz  a22     n  4500</leader>
  <datafield tag="900" ind1=" " ind2=" ">
    <subfield code="a">J-NÁVRH</subfield>
  </datafield>
  <controlfield tag="001">pna20201093399</controlfield>
  <controlfield tag="003">CZ PrNK</controlfield>
  <controlfield tag="005">20201119140415.0</controlfield>
  <controlfield tag="008">201119|n|aznnnaabn           n a|a      </controlfield>
  <datafield tag="040" ind1=" " ind2=" ">
    <subfield code="a">PNA001</subfield>
    <subfield code="b">cze</subfield>
    <subfield code="e">rda</subfield>
  </datafield>
  <datafield tag="046" ind1=" " ind2=" ">
    <subfield code="f">1995</subfield>
  </datafield>
  <datafield tag="100" ind1="1" ind2=" ">
    <subfield code="a">Marečková, Tereza,</subfield>
    <subfield code="d">1995-</subfield>
    <subfield code="7">pna20201093399</subfield>
  </datafield>
  <datafield tag="370" ind1=" " ind2=" ">
    <subfield code="a">Brno, Česko</subfield>
    <subfield code="c">Česko</subfield>
  </datafield>
  <datafield tag="372" ind1=" " ind2=" ">
    <subfield code="a">herectví</subfield>
    <subfield code="a">zpěv</subfield>
    <subfield code="a">hudba</subfield>
    <subfield code="a">hra na violu</subfield>
    <subfield code="a">hra na housle</subfield>
  </datafield>
  <datafield tag="374" ind1=" " ind2=" ">
    <subfield code="a">herečky</subfield>
    <subfield code="a">zpěvačky</subfield>
    <subfield code="a">violistky</subfield>
    <subfield code="a">houslistky</subfield>
    <subfield code="a">hudební skladatelky</subfield>
  </datafield>
  <datafield tag="375" ind1=" " ind2=" ">
    <subfield code="a">žena</subfield>
  </datafield>
  <datafield tag="377" ind1=" " ind2=" ">
    <subfield code="a">cze</subfield>
  </datafield>
  <datafield tag="670" ind1=" " ind2=" ">
    <subfield code="a">Bezděková, Zdeňka: Říkali mi Leni [zvukový záznam] (čte, zpívá a hraje Tereza Marečková), 2020</subfield>
    <subfield code="b">autoritní forma</subfield>
  </datafield>
  <datafield tag="670" ind1=" " ind2=" ">
    <subfield code="a">www(Wikipedie, otevřená encyklopedie - Tereza Marečková (herečka)), cit. 19. 11. 2020</subfield>
    <subfield code="b">datum a místo narození, profesní údaje</subfield>
    <subfield code="u">https://cs.wikipedia.org/wiki/Tereza_Mare%C4%8Dkov%C3%A1_(here%C4%8Dka)</subfield>
  </datafield>
  <datafield tag="678" ind1="0" ind2=" ">
    <subfield code="a">Narozena 1. 10. 1995 v Brně. Herečka, zpěvačka, houslistka, violistka a hudební skladatelka.</subfield>
  </datafield>
  <datafield tag="906" ind1=" " ind2=" ">
    <subfield code="a">za20201119</subfield>
    <subfield code="b">kali</subfield>
  </datafield>
</record>