

<record>
  <leader>     nz  a22     n  4500</leader>
  <datafield tag="900" ind1=" " ind2=" ">
    <subfield code="a">J-NÁVRH</subfield>
  </datafield>
  <controlfield tag="001">xx0254197</controlfield>
  <controlfield tag="003">CZ PrNK</controlfield>
  <controlfield tag="005">20201119150332.4</controlfield>
  <controlfield tag="008">201119|n|aznnnaabn           n a|a      </controlfield>
  <datafield tag="040" ind1=" " ind2=" ">
    <subfield code="a">CBA001</subfield>
    <subfield code="b">cze</subfield>
    <subfield code="e">rda</subfield>
  </datafield>
  <datafield tag="100" ind1="1" ind2=" ">
    <subfield code="a">Burger, Konrad,</subfield>
    <subfield code="d">1856-1912</subfield>
    <subfield code="7">xx0254197</subfield>
  </datafield>
  <datafield tag="370" ind1=" " ind2=" ">
    <subfield code="c">Německo</subfield>
  </datafield>
  <datafield tag="372" ind1=" " ind2=" ">
    <subfield code="a">knihovnictví</subfield>
  </datafield>
  <datafield tag="374" ind1=" " ind2=" ">
    <subfield code="a">knihovníci</subfield>
  </datafield>
  <datafield tag="375" ind1=" " ind2=" ">
    <subfield code="a">muž</subfield>
  </datafield>
  <datafield tag="400" ind1="1" ind2=" ">
    <subfield code="a">Burger, Conrad,</subfield>
    <subfield code="d">1856-1912</subfield>
    <subfield code="0">o</subfield>
  </datafield>
  <datafield tag="400" ind1="1" ind2=" ">
    <subfield code="a">Burger, K.,</subfield>
    <subfield code="d">1856-1912</subfield>
    <subfield code="0">o</subfield>
  </datafield>
  <datafield tag="670" ind1=" " ind2=" ">
    <subfield code="a">DNB, cit. 19. 11. 2020</subfield>
    <subfield code="b">autoritní forma, životní data, odkazy viz, biografické údaje</subfield>
  </datafield>
  <datafield tag="670" ind1=" " ind2=" ">
    <subfield code="a">Ludwig Hain's Repertorium Bibliographicum : Register. Die Drucker des XV. Jahrhunderts mit chronologischer Aufführung ihrer Werke / zusammengestellt von K. Burger. Wiesbaden, 1968</subfield>
  </datafield>
  <datafield tag="678" ind1="0" ind2=" ">
    <subfield code="a">Knihovník.</subfield>
  </datafield>
  <datafield tag="906" ind1=" " ind2=" ">
    <subfield code="a">za20201119</subfield>
    <subfield code="b">xlebe</subfield>
  </datafield>
</record>