

<record>
  <leader>     nz  a22     n  4500</leader>
  <datafield tag="900" ind1=" " ind2=" ">
    <subfield code="a">J-NÁVRH</subfield>
  </datafield>
  <controlfield tag="001">mub20201093462</controlfield>
  <controlfield tag="003">CZ PrNK</controlfield>
  <controlfield tag="005">20201119202653.0</controlfield>
  <controlfield tag="008">201119|n|aznnnaabn           n a|a      </controlfield>
  <datafield tag="040" ind1=" " ind2=" ">
    <subfield code="a">BOD114</subfield>
    <subfield code="b">cze</subfield>
    <subfield code="e">rda</subfield>
  </datafield>
  <datafield tag="046" ind1=" " ind2=" ">
    <subfield code="f">1943</subfield>
  </datafield>
  <datafield tag="100" ind1="1" ind2=" ">
    <subfield code="a">Esquieu, Yves,</subfield>
    <subfield code="d">1943-</subfield>
    <subfield code="7">mub20201093462</subfield>
  </datafield>
  <datafield tag="370" ind1=" " ind2=" ">
    <subfield code="c">Francie</subfield>
  </datafield>
  <datafield tag="372" ind1=" " ind2=" ">
    <subfield code="a">dějiny umění</subfield>
    <subfield code="a">gotické umění</subfield>
    <subfield code="a">renesanční umění</subfield>
    <subfield code="a">archeologie</subfield>
    <subfield code="a">katedrály</subfield>
    <subfield code="a">církevní památky</subfield>
  </datafield>
  <datafield tag="374" ind1=" " ind2=" ">
    <subfield code="a">historici umění</subfield>
    <subfield code="a">archeologové</subfield>
    <subfield code="a">vysokoškolští učitelé</subfield>
  </datafield>
  <datafield tag="375" ind1=" " ind2=" ">
    <subfield code="a">muž</subfield>
  </datafield>
  <datafield tag="377" ind1=" " ind2=" ">
    <subfield code="a">fre</subfield>
  </datafield>
  <datafield tag="400" ind1="1" ind2=" ">
    <subfield code="a">Esquieu, Y.,</subfield>
    <subfield code="d">1943-</subfield>
    <subfield code="0">o</subfield>
  </datafield>
  <datafield tag="400" ind1="1" ind2=" ">
    <subfield code="a">Esquieu, Y.</subfield>
    <subfield code="q">(Yves),</subfield>
    <subfield code="d">1943-</subfield>
    <subfield code="0">o</subfield>
  </datafield>
  <datafield tag="670" ind1=" " ind2=" ">
    <subfield code="a">Lauxerois, Roger - André, Pierre - Jourdan, Geneviève - Esquieu, Yves: Alba : de la cité gallo-romaine au village (Département de l'Ardèche) (avec la collaboration de Jean-Claude Beal, Yves Esquieu et Marie-Christine Bailly-Maitre), 1985</subfield>
  </datafield>
  <datafield tag="670" ind1=" " ind2=" ">
    <subfield code="a">BNF, cit. 19. 11. 2020</subfield>
    <subfield code="b">autoritní forma, datum narození</subfield>
  </datafield>
  <datafield tag="670" ind1=" " ind2=" ">
    <subfield code="a">LC (Names), cit. 19. 11. 2020</subfield>
    <subfield code="b">národnost, odkaz viz, profesní údaje</subfield>
  </datafield>
  <datafield tag="678" ind1="0" ind2=" ">
    <subfield code="a">Francouzský archeolog a historik umění, profesor dějin umění a archeologie na Université de Provence, autor prací o katedrálách v jižní Francii a o umění gotiky a renesance.</subfield>
  </datafield>
  <datafield tag="906" ind1=" " ind2=" ">
    <subfield code="a">ko20201119</subfield>
    <subfield code="b">pospel</subfield>
  </datafield>
</record>