

<record>
  <leader>     nz  a22     n  4500</leader>
  <datafield tag="900" ind1=" " ind2=" ">
    <subfield code="a">J-NÁVRH</subfield>
  </datafield>
  <controlfield tag="001">mub20201093474</controlfield>
  <controlfield tag="003">CZ PrNK</controlfield>
  <controlfield tag="005">20201120001436.0</controlfield>
  <controlfield tag="008">201120|n|aznnnaabn           n a|a      </controlfield>
  <datafield tag="040" ind1=" " ind2=" ">
    <subfield code="a">BOD114</subfield>
    <subfield code="b">cze</subfield>
    <subfield code="e">rda</subfield>
  </datafield>
  <datafield tag="046" ind1=" " ind2=" ">
    <subfield code="f">1951</subfield>
  </datafield>
  <datafield tag="100" ind1="1" ind2=" ">
    <subfield code="a">Poirier, Jean-François,</subfield>
    <subfield code="d">1951-</subfield>
    <subfield code="7">mub20201093474</subfield>
  </datafield>
  <datafield tag="370" ind1=" " ind2=" ">
    <subfield code="c">Francie</subfield>
  </datafield>
  <datafield tag="372" ind1=" " ind2=" ">
    <subfield code="a">překlady z němčiny</subfield>
    <subfield code="a">překlady do francouzštiny</subfield>
    <subfield code="a">literatura</subfield>
    <subfield code="a">filozofie</subfield>
    <subfield code="a">žurnalistika</subfield>
  </datafield>
  <datafield tag="374" ind1=" " ind2=" ">
    <subfield code="a">romanisté</subfield>
    <subfield code="a">germanisté</subfield>
    <subfield code="a">filozofové</subfield>
    <subfield code="a">vysokoškolští učitelé</subfield>
    <subfield code="a">překladatelé</subfield>
    <subfield code="a">spisovatelé</subfield>
    <subfield code="a">novináři</subfield>
  </datafield>
  <datafield tag="375" ind1=" " ind2=" ">
    <subfield code="a">muž</subfield>
  </datafield>
  <datafield tag="377" ind1=" " ind2=" ">
    <subfield code="a">fre</subfield>
    <subfield code="a">ger</subfield>
  </datafield>
  <datafield tag="400" ind1="1" ind2=" ">
    <subfield code="a">Poirier, J.-F.,</subfield>
    <subfield code="d">1951-</subfield>
    <subfield code="0">o</subfield>
  </datafield>
  <datafield tag="670" ind1=" " ind2=" ">
    <subfield code="a">Belting, Hans: L'Histoire de l'art est-elle finie? (traduit de l'allemand et de l'anglais par J.-F. Poirier et Y. Michaud), 1989</subfield>
    <subfield code="b">odkaz viz</subfield>
  </datafield>
  <datafield tag="670" ind1=" " ind2=" ">
    <subfield code="a">BNF, cit. 19. 11. 2020</subfield>
    <subfield code="b">autoritní forma, datum narození</subfield>
  </datafield>
  <datafield tag="670" ind1=" " ind2=" ">
    <subfield code="a">DNB, cit. 19. 11. 2020</subfield>
    <subfield code="b">národnost, profesní údaje</subfield>
  </datafield>
  <datafield tag="678" ind1="0" ind2=" ">
    <subfield code="a">Francouzský romanista a germanista, profesor německé filozofie, překladatel z němčiny do francouzštiny, spisovatel a novinář.</subfield>
  </datafield>
  <datafield tag="906" ind1=" " ind2=" ">
    <subfield code="a">ko20201119</subfield>
    <subfield code="b">pospel</subfield>
  </datafield>
</record>