

<record>
  <leader>     nz  a22     n  4500</leader>
  <datafield tag="900" ind1=" " ind2=" ">
    <subfield code="a">J-NÁVRH</subfield>
  </datafield>
  <controlfield tag="001">xx0254213</controlfield>
  <controlfield tag="003">CZ PrNK</controlfield>
  <controlfield tag="005">20201120074657.0</controlfield>
  <controlfield tag="008">201120|n|aznnnaabn           n a|a      </controlfield>
  <datafield tag="024" ind1="7" ind2=" ">
    <subfield code="a">Q16937757</subfield>
    <subfield code="2">wikidata</subfield>
  </datafield>
  <datafield tag="024" ind1="7" ind2=" ">
    <subfield code="a">0000000408949771</subfield>
    <subfield code="2">isni</subfield>
  </datafield>
  <datafield tag="040" ind1=" " ind2=" ">
    <subfield code="a">ABH306</subfield>
    <subfield code="b">cze</subfield>
    <subfield code="e">rda</subfield>
  </datafield>
  <datafield tag="100" ind1="1" ind2=" ">
    <subfield code="a">Kratz, Walter,</subfield>
    <subfield code="d">1899-1957</subfield>
    <subfield code="7">xx0254213</subfield>
  </datafield>
  <datafield tag="370" ind1=" " ind2=" ">
    <subfield code="a">Vídeň (Rakousko)</subfield>
    <subfield code="b">Bonn (Německo)</subfield>
    <subfield code="c">Rakousko</subfield>
    <subfield code="f">Frankfurt nad Mohanem (Německo)</subfield>
  </datafield>
  <datafield tag="372" ind1=" " ind2=" ">
    <subfield code="a">architektura</subfield>
  </datafield>
  <datafield tag="374" ind1=" " ind2=" ">
    <subfield code="a">architekti</subfield>
  </datafield>
  <datafield tag="375" ind1=" " ind2=" ">
    <subfield code="a">muž</subfield>
  </datafield>
  <datafield tag="377" ind1=" " ind2=" ">
    <subfield code="a">ger</subfield>
  </datafield>
  <datafield tag="670" ind1=" " ind2=" ">
    <subfield code="a">Schulte-Frohlinde, Julius - Kratz, Walter - Lindner, Werner: Die landschaftlichen Grundlagen des deutschen Bauschaffens: Buchreihe der Arbeitsgemeinschaft Heimat und Haus, 1939</subfield>
  </datafield>
  <datafield tag="670" ind1=" " ind2=" ">
    <subfield code="a">DNB, cit. 15. 9. 2020</subfield>
    <subfield code="b">autoritní forma, rok narození a úmrtí, místo narození, související místo, národnost, pole 372, 374, biografické údaje</subfield>
  </datafield>
  <datafield tag="670" ind1=" " ind2=" ">
    <subfield code="a">www(Wikipedia, Die freie Enzyklopädie), cit. 12. 11. 2020</subfield>
    <subfield code="b">úplná data, místo narození a úmrtí, národnost</subfield>
    <subfield code="u">https://de.wikipedia.org/wiki/Walter_Kratz</subfield>
  </datafield>
  <datafield tag="675" ind1=" " ind2=" ">
    <subfield code="a">OBG, cit. 20. 11. 2020</subfield>
  </datafield>
  <datafield tag="678" ind1=" " ind2=" ">
    <subfield code="a">Rakouský architekt, žil a pracoval v Německu. Narozen 25. 2. 1899 ve Vídni, zemřel 21. 9. 1957 v Bonnu.</subfield>
  </datafield>
  <datafield tag="906" ind1=" " ind2=" ">
    <subfield code="a">za20201120</subfield>
    <subfield code="b">xzdkr</subfield>
  </datafield>
</record>