

<record>
  <leader>     nz  a22     n  4500</leader>
  <datafield tag="900" ind1=" " ind2=" ">
    <subfield code="a">J-NÁVRH</subfield>
  </datafield>
  <controlfield tag="001">xx0254215</controlfield>
  <controlfield tag="003">CZ PrNK</controlfield>
  <controlfield tag="005">20201120074702.5</controlfield>
  <controlfield tag="008">201120|n|aznnnaabn           n a|a      </controlfield>
  <datafield tag="024" ind1="7" ind2=" ">
    <subfield code="a">Q1417867</subfield>
    <subfield code="2">wikidata</subfield>
  </datafield>
  <datafield tag="024" ind1="7" ind2=" ">
    <subfield code="a">0000000382588946</subfield>
    <subfield code="2">isni</subfield>
  </datafield>
  <datafield tag="040" ind1=" " ind2=" ">
    <subfield code="a">ABH306</subfield>
    <subfield code="b">cze</subfield>
    <subfield code="e">rda</subfield>
  </datafield>
  <datafield tag="100" ind1="1" ind2=" ">
    <subfield code="a">Völckers, Otto,</subfield>
    <subfield code="d">1888-1957</subfield>
    <subfield code="7">xx0254215</subfield>
  </datafield>
  <datafield tag="370" ind1=" " ind2=" ">
    <subfield code="a">Kassel (Německo)</subfield>
    <subfield code="b">Mnichov (Německo)</subfield>
    <subfield code="c">Německo</subfield>
  </datafield>
  <datafield tag="372" ind1=" " ind2=" ">
    <subfield code="a">architektura</subfield>
    <subfield code="a">literatura</subfield>
  </datafield>
  <datafield tag="374" ind1=" " ind2=" ">
    <subfield code="a">architekti</subfield>
    <subfield code="a">spisovatelé</subfield>
  </datafield>
  <datafield tag="375" ind1=" " ind2=" ">
    <subfield code="a">muž</subfield>
  </datafield>
  <datafield tag="377" ind1=" " ind2=" ">
    <subfield code="a">ger</subfield>
  </datafield>
  <datafield tag="400" ind1="1" ind2=" ">
    <subfield code="a">Voelckers, Otto,</subfield>
    <subfield code="d">1888-1957</subfield>
    <subfield code="0">o</subfield>
  </datafield>
  <datafield tag="670" ind1=" " ind2=" ">
    <subfield code="a">Völckers, Otto: Das Grundrisswerk, 1941</subfield>
  </datafield>
  <datafield tag="670" ind1=" " ind2=" ">
    <subfield code="a">DNB, cit. 21. 9. 2020</subfield>
    <subfield code="b">autoritní forma, rok narození a úmrtí, místo narození a úmrtí, odkaz viz, pole 372, 374, 375, biografické údaje</subfield>
  </datafield>
  <datafield tag="670" ind1=" " ind2=" ">
    <subfield code="a">www(Wikipedia, Die freie Enzyklopädie), cit. 23. 9. 2020</subfield>
    <subfield code="b">úplné datum narození a úmrtí, národnost, pole 373</subfield>
  </datafield>
  <datafield tag="678" ind1=" " ind2=" ">
    <subfield code="a">Německý romanopisec a architekt zabývající se současnou německou architekturou. Narozen 9. 11. 1888 v Kasselu , zemřel 6. 12. 1957 v Mnichově.</subfield>
  </datafield>
  <datafield tag="906" ind1=" " ind2=" ">
    <subfield code="a">za20201120</subfield>
    <subfield code="b">xzdkr</subfield>
  </datafield>
</record>