

<record>
  <leader>     nz  a22     n  4500</leader>
  <datafield tag="900" ind1=" " ind2=" ">
    <subfield code="a">*J-NÁVRH</subfield>
  </datafield>
  <controlfield tag="001">ntk20201093508</controlfield>
  <controlfield tag="003">CZ PrNK</controlfield>
  <controlfield tag="005">20201120091120.0</controlfield>
  <controlfield tag="008">201120|n|aznnnaabn           n a|a      </controlfield>
  <datafield tag="024" ind1="7" ind2=" ">
    <subfield code="a">Q5235793</subfield>
    <subfield code="2">wikidata</subfield>
  </datafield>
  <datafield tag="024" ind1="7" ind2=" ">
    <subfield code="a">0000000109089863</subfield>
    <subfield code="2">isni</subfield>
  </datafield>
  <datafield tag="024" ind1="7" ind2=" ">
    <subfield code="a">0000-0002-0942-8033</subfield>
    <subfield code="2">orcid</subfield>
  </datafield>
  <datafield tag="040" ind1=" " ind2=" ">
    <subfield code="a">ABA013</subfield>
    <subfield code="b">cze</subfield>
    <subfield code="e">rda</subfield>
  </datafield>
  <datafield tag="046" ind1=" " ind2=" ">
    <subfield code="f">1940</subfield>
  </datafield>
  <datafield tag="100" ind1="1" ind2=" ">
    <subfield code="a">Ferry, David K.,</subfield>
    <subfield code="d">1940-</subfield>
    <subfield code="7">ntk20201093508</subfield>
  </datafield>
  <datafield tag="368" ind1=" " ind2=" ">
    <subfield code="d">Prof.</subfield>
  </datafield>
  <datafield tag="368" ind1=" " ind2=" ">
    <subfield code="d">PhD (Electrical Engineering)</subfield>
    <subfield code="s">1966</subfield>
  </datafield>
  <datafield tag="368" ind1=" " ind2=" ">
    <subfield code="d">MS (Electrical Engineering)</subfield>
    <subfield code="s">1963</subfield>
  </datafield>
  <datafield tag="368" ind1=" " ind2=" ">
    <subfield code="d">BS (Electrical Engineering)</subfield>
    <subfield code="s">1962</subfield>
  </datafield>
  <datafield tag="370" ind1=" " ind2=" ">
    <subfield code="c">Spojené státy americké</subfield>
  </datafield>
  <datafield tag="372" ind1=" " ind2=" ">
    <subfield code="a">elektronika</subfield>
    <subfield code="a">polovodiče</subfield>
    <subfield code="a">nanoelektronika</subfield>
    <subfield code="a">kvantová fyzika</subfield>
  </datafield>
  <datafield tag="373" ind1=" " ind2=" ">
    <subfield code="a">Arizona State University</subfield>
    <subfield code="s">1983</subfield>
  </datafield>
  <datafield tag="373" ind1=" " ind2=" ">
    <subfield code="a">Colorado State University</subfield>
    <subfield code="s">1977</subfield>
    <subfield code="t">1983</subfield>
  </datafield>
  <datafield tag="373" ind1=" " ind2=" ">
    <subfield code="a">United States. Office of Naval Research</subfield>
    <subfield code="s">1973</subfield>
    <subfield code="t">1977</subfield>
    <subfield code="2">LC (Names)</subfield>
  </datafield>
  <datafield tag="373" ind1=" " ind2=" ">
    <subfield code="a">Texas Tech University</subfield>
    <subfield code="s">1967</subfield>
    <subfield code="t">1973</subfield>
    <subfield code="2">LC (Names)</subfield>
  </datafield>
  <datafield tag="373" ind1=" " ind2=" ">
    <subfield code="a">University of Texas</subfield>
  </datafield>
  <datafield tag="373" ind1=" " ind2=" ">
    <subfield code="a">Texas Technological College</subfield>
    <subfield code="2">LC (Names)</subfield>
  </datafield>
  <datafield tag="374" ind1=" " ind2=" ">
    <subfield code="a">elektroinženýři</subfield>
    <subfield code="a">vysokoškolští učitelé</subfield>
  </datafield>
  <datafield tag="375" ind1=" " ind2=" ">
    <subfield code="a">muž</subfield>
  </datafield>
  <datafield tag="377" ind1=" " ind2=" ">
    <subfield code="a">eng</subfield>
  </datafield>
  <datafield tag="400" ind1="1" ind2=" ">
    <subfield code="a">Ferry, David Keane,</subfield>
    <subfield code="d">1940-</subfield>
    <subfield code="0">o</subfield>
  </datafield>
  <datafield tag="400" ind1="1" ind2=" ">
    <subfield code="a">Ferry, David,</subfield>
    <subfield code="d">1940-</subfield>
    <subfield code="0">o</subfield>
  </datafield>
  <datafield tag="670" ind1=" " ind2=" ">
    <subfield code="a">Ferry, David K.: Semiconductors : bonds and bands, ©2013</subfield>
    <subfield code="b">profesní údaje, afiliace</subfield>
  </datafield>
  <datafield tag="670" ind1=" " ind2=" ">
    <subfield code="a">LC (Names), cit. 20. 11. 2020</subfield>
    <subfield code="b">autoritní forma, rok narození, odkaz viz</subfield>
  </datafield>
  <datafield tag="670" ind1=" " ind2=" ">
    <subfield code="a">www(Wikipedia, the free encyclopedia), cit. 20. 11. 2020</subfield>
    <subfield code="b">profesní údaje</subfield>
    <subfield code="u">https://en.wikipedia.org/wiki/David_K._Ferry</subfield>
  </datafield>
  <datafield tag="670" ind1=" " ind2=" ">
    <subfield code="a">www(osobní stránka), cit. 20. 11. 2020</subfield>
    <subfield code="b">profesní údaje</subfield>
    <subfield code="u">http://ferry.faculty.asu.edu/</subfield>
  </datafield>
  <datafield tag="670" ind1=" " ind2=" ">
    <subfield code="a">www(Arizona State University), cit. 20. 11. 2020</subfield>
    <subfield code="b">profesní údaje, odkaz viz</subfield>
  </datafield>
  <datafield tag="678" ind1="0" ind2=" ">
    <subfield code="a">Elektroinženýr a emeritní profesor, zabývá se zejména polovodiči, nanotechnologiemi a kvantovou fyzikou. Publikace v oboru.</subfield>
  </datafield>
  <datafield tag="906" ind1=" " ind2=" ">
    <subfield code="a">za20201120</subfield>
    <subfield code="b">jkre</subfield>
  </datafield>
</record>