

<record>
  <leader>     nz  a22     n  4500</leader>
  <datafield tag="900" ind1=" " ind2=" ">
    <subfield code="a">J-NÁVRH-STT</subfield>
  </datafield>
  <controlfield tag="001">ntk20201093512</controlfield>
  <controlfield tag="003">CZ PrNK</controlfield>
  <controlfield tag="005">20201120175711.0</controlfield>
  <controlfield tag="008">201120|n|aznnnaabn           n a|a      </controlfield>
  <datafield tag="024" ind1="7" ind2=" ">
    <subfield code="a">0000000047236265</subfield>
    <subfield code="2">isni</subfield>
  </datafield>
  <datafield tag="024" ind1="7" ind2=" ">
    <subfield code="a">Q19959745</subfield>
    <subfield code="2">wikidata</subfield>
  </datafield>
  <datafield tag="040" ind1=" " ind2=" ">
    <subfield code="a">ABA013</subfield>
    <subfield code="b">cze</subfield>
    <subfield code="e">rda</subfield>
  </datafield>
  <datafield tag="046" ind1=" " ind2=" ">
    <subfield code="f">1662</subfield>
    <subfield code="g">1716</subfield>
  </datafield>
  <datafield tag="100" ind1="1" ind2=" ">
    <subfield code="a">Hamberger, Georg Albrecht,</subfield>
    <subfield code="d">1662-1716</subfield>
    <subfield code="7">ntk20201093512</subfield>
  </datafield>
  <datafield tag="368" ind1=" " ind2=" ">
    <subfield code="d">Ordentlicher Professor der Physik</subfield>
    <subfield code="s">1705</subfield>
  </datafield>
  <datafield tag="368" ind1=" " ind2=" ">
    <subfield code="d">Ordentlicher Professor der Mathematik</subfield>
    <subfield code="s">1698</subfield>
  </datafield>
  <datafield tag="368" ind1=" " ind2=" ">
    <subfield code="d">Außerordentlicher Professor der Mathematik</subfield>
    <subfield code="s">1694</subfield>
  </datafield>
  <datafield tag="368" ind1=" " ind2=" ">
    <subfield code="d">Magister der Philosophie</subfield>
    <subfield code="s">1684</subfield>
  </datafield>
  <datafield tag="370" ind1=" " ind2=" ">
    <subfield code="a">Beyerberg, Ehingen, Střední Franky, Německo</subfield>
    <subfield code="b">Jena, Německo</subfield>
    <subfield code="c">Německo</subfield>
    <subfield code="f">Jena, Německo</subfield>
    <subfield code="f">Altdorf bei Nürnberg, Německo</subfield>
  </datafield>
  <datafield tag="372" ind1=" " ind2=" ">
    <subfield code="a">matematika</subfield>
    <subfield code="a">geometrie</subfield>
    <subfield code="a">fyzika</subfield>
    <subfield code="a">optika</subfield>
    <subfield code="a">astronomie</subfield>
  </datafield>
  <datafield tag="373" ind1=" " ind2=" ">
    <subfield code="a">Universität Jena</subfield>
    <subfield code="s">1689</subfield>
  </datafield>
  <datafield tag="374" ind1=" " ind2=" ">
    <subfield code="a">matematici</subfield>
    <subfield code="a">fyzici</subfield>
    <subfield code="a">vysokoškolští učitelé</subfield>
    <subfield code="a">děkani</subfield>
    <subfield code="a">rektoři</subfield>
  </datafield>
  <datafield tag="375" ind1=" " ind2=" ">
    <subfield code="a">muž</subfield>
  </datafield>
  <datafield tag="377" ind1=" " ind2=" ">
    <subfield code="a">lat</subfield>
    <subfield code="a">ger</subfield>
  </datafield>
  <datafield tag="400" ind1="1" ind2=" ">
    <subfield code="a">Hambergerus, Georgius Albertus,</subfield>
    <subfield code="d">1662-1716</subfield>
    <subfield code="0">o</subfield>
  </datafield>
  <datafield tag="400" ind1="1" ind2=" ">
    <subfield code="a">Hamberger, Georg Albert,</subfield>
    <subfield code="d">1662-1716</subfield>
    <subfield code="0">o</subfield>
  </datafield>
  <datafield tag="400" ind1="1" ind2=" ">
    <subfield code="a">Hamberger, Georgius Albertus,</subfield>
    <subfield code="d">1662-1716</subfield>
    <subfield code="0">o</subfield>
  </datafield>
  <datafield tag="667" ind1=" " ind2=" ">
    <subfield code="a">http://d-nb.info/gnd/104208864.</subfield>
  </datafield>
  <datafield tag="670" ind1=" " ind2=" ">
    <subfield code="a">Q. D. B. V. DISSERTATIO ACADEMICA DE BAROMETRIS, QUAM, PRAESIDE GEORGIO ALBERTO HAMBERGERO ... Ad Diem XXIII. Martii Anno MDCCI. ... publice placideqve examinandam proponit JOANNES CRÜGERUS, ... JENÆ: LITTERIS GOLLNERIANIS, [1701]</subfield>
    <subfield code="b">odkaz viz</subfield>
    <subfield code="u">http://digital.slub-dresden.de/id433797312</subfield>
  </datafield>
  <datafield tag="670" ind1=" " ind2=" ">
    <subfield code="a">DNB, cit. 20. 11. 2020</subfield>
    <subfield code="b">autoritní forma, odkazy viz, datum a místo narození a úmrtí</subfield>
    <subfield code="u">http://d-nb.info/gnd/104208864</subfield>
  </datafield>
  <datafield tag="670" ind1=" " ind2=" ">
    <subfield code="a">www(Wikipedia, die freie Enzyklopädie), cit. 20. 11. 2020</subfield>
    <subfield code="b">biografické a profesní údaje</subfield>
    <subfield code="u">https://de.wikipedia.org/wiki/Georg_Albrecht_Hamberger</subfield>
  </datafield>
  <datafield tag="678" ind1="0" ind2=" ">
    <subfield code="a">Německý matematik a fyzik a dlouholetý pedagog Jenské univerzity (profesor matematiky a fyziky). Byl též v roli děkana a rektora. Vedl řadu disertačních prací, na univerzitu přivedl i matematika Christiana von Wolffa (1679-1754). Byl členem Německé akademie věd - Leopoldiny. Jeho otcem byl protestantský pastor a farář v Beybergu Georg Ludwig Hamberger (1622-1689) a jeho synem lékař Georg Erhard Hamberger (1697-1755).</subfield>
  </datafield>
  <datafield tag="906" ind1=" " ind2=" ">
    <subfield code="a">za20201120</subfield>
    <subfield code="b">evbr</subfield>
  </datafield>
  <datafield tag="906" ind1=" " ind2=" ">
    <subfield code="a">ko20201120</subfield>
    <subfield code="b">evbr</subfield>
  </datafield>
</record>