

<record>
  <leader>     nz  a22     n  4500</leader>
  <controlfield tag="001">kon20201093514</controlfield>
  <controlfield tag="003">CZ PrNK</controlfield>
  <controlfield tag="005">20201120093705.0</controlfield>
  <controlfield tag="008">201120|n|aznnnaabn           n a|a      </controlfield>
  <datafield tag="040" ind1=" " ind2=" ">
    <subfield code="a">ABA001</subfield>
    <subfield code="b">cze</subfield>
    <subfield code="e">rda</subfield>
  </datafield>
  <datafield tag="110" ind1="2" ind2=" ">
    <subfield code="a">Deutsch-österreichischer Bauernbund.</subfield>
    <subfield code="t">Výroční zpráva (Deutsch-österreichischer Bauernbund).</subfield>
    <subfield code="l">Německy</subfield>
    <subfield code="7">kon20201093514</subfield>
  </datafield>
  <datafield tag="410" ind1="2" ind2=" ">
    <subfield code="a">Deutsch-österreichischer Bauernbund.</subfield>
    <subfield code="t">Jahreshauptversammlung des Deutsch-österreichischen Bauernbundes in Budweis</subfield>
    <subfield code="0">o</subfield>
  </datafield>
  <datafield tag="670" ind1=" " ind2=" ">
    <subfield code="a">... Jahreshauptversammlung des Deutsch-österreichischen Bauernbundes in Budweis. Budweis : Verlag der Moldavia, [1900-1904?]</subfield>
  </datafield>
  <datafield tag="906" ind1=" " ind2=" ">
    <subfield code="a">br20201120</subfield>
    <subfield code="b">juri</subfield>
  </datafield>
  <datafield tag="906" ind1=" " ind2=" ">
    <subfield code="a">ks20201120</subfield>
    <subfield code="b">juri</subfield>
  </datafield>
</record>