

<record>
  <leader>     nz  a22     n  4500</leader>
  <controlfield tag="001">kon20201093527</controlfield>
  <controlfield tag="003">CZ PrNK</controlfield>
  <controlfield tag="005">20201120095742.0</controlfield>
  <controlfield tag="008">201120|n|aznnnaabn           n a|a      </controlfield>
  <datafield tag="040" ind1=" " ind2=" ">
    <subfield code="a">ABA001</subfield>
    <subfield code="b">cze</subfield>
    <subfield code="e">rda</subfield>
  </datafield>
  <datafield tag="110" ind1="2" ind2=" ">
    <subfield code="a">Klub novinářských a strojních sazečů v Čechách.</subfield>
    <subfield code="t">Výroční zpráva (Klub novinářských a strojních sazečů v Čechách).</subfield>
    <subfield code="l">Německy</subfield>
    <subfield code="7">kon20201093527</subfield>
  </datafield>
  <datafield tag="410" ind1="2" ind2=" ">
    <subfield code="a">Klub novinářských a strojních sazečů v Čechách.</subfield>
    <subfield code="t">Klub der Zeitungs- und Maschinensetzer in Böhmen - Jahresbericht</subfield>
    <subfield code="0">o</subfield>
  </datafield>
  <datafield tag="670" ind1=" " ind2=" ">
    <subfield code="a">Výroční zpráva Klubu novinářských a strojových sazečů v Čechách. [Praha] : nákladem Klubu novinářských a strojních sazečů v Čechách, [1921?-1940?]</subfield>
  </datafield>
  <datafield tag="906" ind1=" " ind2=" ">
    <subfield code="a">br20201120</subfield>
    <subfield code="b">juri</subfield>
  </datafield>
  <datafield tag="906" ind1=" " ind2=" ">
    <subfield code="a">ks20201120</subfield>
    <subfield code="b">juri</subfield>
  </datafield>
</record>