

<record>
  <leader>     nz  a22     n  4500</leader>
  <datafield tag="900" ind1=" " ind2=" ">
    <subfield code="a">J-NÁVRH</subfield>
  </datafield>
  <controlfield tag="001">xx0254227</controlfield>
  <controlfield tag="003">CZ PrNK</controlfield>
  <controlfield tag="005">20201120094633.3</controlfield>
  <controlfield tag="008">201120|n|aznnnaabn           n a|a      </controlfield>
  <datafield tag="040" ind1=" " ind2=" ">
    <subfield code="a">CBA001</subfield>
    <subfield code="b">cze</subfield>
    <subfield code="e">rda</subfield>
  </datafield>
  <datafield tag="046" ind1=" " ind2=" ">
    <subfield code="f">1937</subfield>
  </datafield>
  <datafield tag="100" ind1="1" ind2=" ">
    <subfield code="a">Zearott, Michael,</subfield>
    <subfield code="d">1937-</subfield>
    <subfield code="7">xx0254227</subfield>
  </datafield>
  <datafield tag="370" ind1=" " ind2=" ">
    <subfield code="c">Spojené státy americké</subfield>
  </datafield>
  <datafield tag="372" ind1=" " ind2=" ">
    <subfield code="a">hudba</subfield>
    <subfield code="a">dirigování</subfield>
    <subfield code="a">hra na klavír</subfield>
  </datafield>
  <datafield tag="374" ind1=" " ind2=" ">
    <subfield code="a">dirigenti</subfield>
    <subfield code="a">hudební skladatelé</subfield>
    <subfield code="a">klavíristé</subfield>
    <subfield code="a">hudební pedagogové</subfield>
  </datafield>
  <datafield tag="375" ind1=" " ind2=" ">
    <subfield code="a">muž</subfield>
  </datafield>
  <datafield tag="377" ind1=" " ind2=" ">
    <subfield code="a">eng</subfield>
  </datafield>
  <datafield tag="670" ind1=" " ind2=" ">
    <subfield code="a">Orchestral favotites : 40th anniversary / Frank Zappa, (dirigent Michael Zearott), [2019], (CD)</subfield>
  </datafield>
  <datafield tag="670" ind1=" " ind2=" ">
    <subfield code="a">www (Wikipedia, The Free Encyclopedia), cit. 26. 10. 2020</subfield>
    <subfield code="b">biografické údaje, rok narození</subfield>
    <subfield code="u">https://en.wikipedia.org/wiki/Myla_Goldberg</subfield>
  </datafield>
  <datafield tag="670" ind1=" " ind2=" ">
    <subfield code="a">LC (Names), cit. 16. 11. 2020</subfield>
    <subfield code="b">autoritní podoba, biografické údaje, rok narození</subfield>
  </datafield>
  <datafield tag="670" ind1=" " ind2=" ">
    <subfield code="a">www (Wikipedia, The Free Encyclopedia), cit. 16. 11. 2020</subfield>
    <subfield code="b">biografické údaje, rok narození</subfield>
    <subfield code="u">https://en.wikipedia.org/wiki/Michael_Zearott</subfield>
  </datafield>
  <datafield tag="678" ind1="0" ind2=" ">
    <subfield code="a">Americký dirigent, hudební skladatel, klavírista a hudební pedagog.</subfield>
  </datafield>
  <datafield tag="906" ind1=" " ind2=" ">
    <subfield code="a">za20201120</subfield>
    <subfield code="b">xmakru</subfield>
  </datafield>
</record>