

<record>
  <leader>     nz  a22     n  4500</leader>
  <datafield tag="900" ind1=" " ind2=" ">
    <subfield code="a">*J-NÁVRH</subfield>
  </datafield>
  <controlfield tag="001">mzk20201093543</controlfield>
  <controlfield tag="003">CZ PrNK</controlfield>
  <controlfield tag="005">20201120103114.0</controlfield>
  <controlfield tag="008">201120|n|aznnnaabn           n a|a      </controlfield>
  <datafield tag="024" ind1="7" ind2=" ">
    <subfield code="a">0000000054566959</subfield>
    <subfield code="2">isni</subfield>
  </datafield>
  <datafield tag="024" ind1="7" ind2=" ">
    <subfield code="a">Q55219231</subfield>
    <subfield code="2">wikidata</subfield>
  </datafield>
  <datafield tag="040" ind1=" " ind2=" ">
    <subfield code="a">BOA001</subfield>
    <subfield code="b">cze</subfield>
    <subfield code="e">rda</subfield>
  </datafield>
  <datafield tag="046" ind1=" " ind2=" ">
    <subfield code="f">1935</subfield>
    <subfield code="g">1990</subfield>
  </datafield>
  <datafield tag="100" ind1="1" ind2=" ">
    <subfield code="a">Lesser, Gilbert,</subfield>
    <subfield code="d">1935-1990</subfield>
    <subfield code="7">mzk20201093543</subfield>
  </datafield>
  <datafield tag="370" ind1=" " ind2=" ">
    <subfield code="a">Baltimore, Maryland</subfield>
    <subfield code="b">New York, New York</subfield>
    <subfield code="c">Spojené státy americké</subfield>
  </datafield>
  <datafield tag="372" ind1=" " ind2=" ">
    <subfield code="a">scénografie</subfield>
    <subfield code="a">kostýmní výtvarnictví</subfield>
    <subfield code="a">divadelní kostýmy</subfield>
    <subfield code="a">divadelní plakáty</subfield>
    <subfield code="a">reklama a propagace</subfield>
  </datafield>
  <datafield tag="374" ind1=" " ind2=" ">
    <subfield code="a">scénografové</subfield>
    <subfield code="a">kostýmní výtvarníci</subfield>
  </datafield>
  <datafield tag="375" ind1=" " ind2=" ">
    <subfield code="a">muž</subfield>
  </datafield>
  <datafield tag="377" ind1=" " ind2=" ">
    <subfield code="a">eng</subfield>
  </datafield>
  <datafield tag="670" ind1=" " ind2=" ">
    <subfield code="a">Maryška, Martin: Theatre graphics and graphic theatre : Zich's semantics in posters and publicity. In: Theatralia. Vol. 23, 2020, 1, s. 105-129</subfield>
  </datafield>
  <datafield tag="670" ind1=" " ind2=" ">
    <subfield code="a">LC (Names), cit. 20. 11. 2020</subfield>
    <subfield code="b">autoritní forma; biografické údaje; datum a místo narození</subfield>
  </datafield>
  <datafield tag="670" ind1=" " ind2=" ">
    <subfield code="a">www(isni.org), cit. 20. 11. 2020</subfield>
    <subfield code="b">biografické údaje; datum narození; datum úmrtí</subfield>
    <subfield code="u">https://isni.org/page/search-database/</subfield>
  </datafield>
  <datafield tag="670" ind1=" " ind2=" ">
    <subfield code="a">www(Playbill - Gilbert Lesser), cit. 20. 11. 2020</subfield>
    <subfield code="b">biografické údaje; datum narození; datum úmrtí</subfield>
    <subfield code="u">https://www.playbill.com/person/gilbert-lesser-vault-0000021638</subfield>
  </datafield>
  <datafield tag="670" ind1=" " ind2=" ">
    <subfield code="a">www(The New York Times - Obituaries, 1990), cit. 20. 11. 2020</subfield>
    <subfield code="b">biografické údaje; datum úmrtí</subfield>
  </datafield>
  <datafield tag="678" ind1="0" ind2=" ">
    <subfield code="a">Americký umělec, scénograf a kostýmní výtvarník, autor divadelních plakátů, též vedoucí propagace časopisu Life.</subfield>
  </datafield>
  <datafield tag="906" ind1=" " ind2=" ">
    <subfield code="a">za20201120</subfield>
    <subfield code="b">kmonev</subfield>
  </datafield>
</record>