

<record>
  <leader>     nz  a22     n  4500</leader>
  <datafield tag="900" ind1=" " ind2=" ">
    <subfield code="a">J-NÁVRH-STT</subfield>
  </datafield>
  <controlfield tag="001">ntk20201093550</controlfield>
  <controlfield tag="003">CZ PrNK</controlfield>
  <controlfield tag="005">20201120180131.0</controlfield>
  <controlfield tag="008">201120|n|aznnnaabn           n a|a      </controlfield>
  <datafield tag="024" ind1="7" ind2=" ">
    <subfield code="a">0000000402960048</subfield>
    <subfield code="2">isni</subfield>
  </datafield>
  <datafield tag="040" ind1=" " ind2=" ">
    <subfield code="a">ABA013</subfield>
    <subfield code="b">cze</subfield>
    <subfield code="e">rda</subfield>
  </datafield>
  <datafield tag="046" ind1=" " ind2=" ">
    <subfield code="s">1682</subfield>
    <subfield code="t">1708</subfield>
  </datafield>
  <datafield tag="100" ind1="1" ind2=" ">
    <subfield code="a">Junghans, Caspar,</subfield>
    <subfield code="d">činný 1682-1708</subfield>
    <subfield code="7">ntk20201093550</subfield>
  </datafield>
  <datafield tag="370" ind1=" " ind2=" ">
    <subfield code="c">Německo</subfield>
    <subfield code="f">Jena, Německo</subfield>
  </datafield>
  <datafield tag="372" ind1=" " ind2=" ">
    <subfield code="a">nakladatelství a vydavatelství</subfield>
    <subfield code="a">grafické techniky</subfield>
    <subfield code="a">mědirytiny</subfield>
    <subfield code="a">knižní ilustrace</subfield>
  </datafield>
  <datafield tag="374" ind1=" " ind2=" ">
    <subfield code="a">nakladatelé a vydavatelé</subfield>
    <subfield code="a">mědirytci</subfield>
    <subfield code="a">ilustrátoři</subfield>
  </datafield>
  <datafield tag="375" ind1=" " ind2=" ">
    <subfield code="a">muž</subfield>
  </datafield>
  <datafield tag="377" ind1=" " ind2=" ">
    <subfield code="a">lat</subfield>
    <subfield code="a">ger</subfield>
  </datafield>
  <datafield tag="400" ind1="1" ind2=" ">
    <subfield code="a">Junghanß, Casparus,</subfield>
    <subfield code="d">činný 1682-1708</subfield>
    <subfield code="0">o</subfield>
  </datafield>
  <datafield tag="400" ind1="1" ind2=" ">
    <subfield code="a">Junghanß, C.,</subfield>
    <subfield code="d">činný 1682-1708</subfield>
    <subfield code="0">o</subfield>
  </datafield>
  <datafield tag="400" ind1="1" ind2=" ">
    <subfield code="a">Junghanss, C.,</subfield>
    <subfield code="d">činný 1682-1708</subfield>
    <subfield code="0">o</subfield>
  </datafield>
  <datafield tag="400" ind1="1" ind2=" ">
    <subfield code="a">Junghansius, Casparus,</subfield>
    <subfield code="d">činný 1682-1708</subfield>
    <subfield code="0">o</subfield>
  </datafield>
  <datafield tag="667" ind1=" " ind2=" ">
    <subfield code="a">http://d-nb.info/gnd/1017714290.</subfield>
  </datafield>
  <datafield tag="667" ind1=" " ind2=" ">
    <subfield code="a">Data činnosti jsou v záznamu dána daty vydaní publikací, připsaných v různých rolích v databázích VD17 a VD18 popisované osobě.</subfield>
  </datafield>
  <datafield tag="670" ind1=" " ind2=" ">
    <subfield code="a">Q. D. B. V. DISSERTATIO ACADEMICA DE BAROMETRIS, QUAM, PRAESIDE GEORGIO ALBERTO HAMBERGERO ... Ad Diem XXIII. Martii Anno MDCCI. ... publice placideqve examinandam proponit JOANNES CRÜGERUS, ... JENÆ: LITTERIS GOLLNERIANIS, [1701]. [Ilustrace]: C. Junghanß., fc.</subfield>
    <subfield code="b">odkaz viz</subfield>
    <subfield code="u">http://digital.slub-dresden.de/id433797312</subfield>
  </datafield>
  <datafield tag="670" ind1=" " ind2=" ">
    <subfield code="a">CHARTÆ SYSTEMATICÆ, Sive Brevis &amp; dilucida explicatio plurimorum mundi Systematum, B. Mag. PRÆTORIO, olim congestorum, cum typis æri incisis, editæ F. G. HECTORMANN. JENÆ: Sumtibus Caspari Junghanß, Chalcographi</subfield>
    <subfield code="b">odkaz viz</subfield>
    <subfield code="u">http://resolver.sub.uni-goettingen.de/purl?PPN737528621</subfield>
  </datafield>
  <datafield tag="670" ind1=" " ind2=" ">
    <subfield code="a">DNB, cit. 20. 11. 2020</subfield>
    <subfield code="b">autoritní forma, odkazy viz, data a místo činnosti</subfield>
    <subfield code="u">http://d-nb.info/gnd/1017714290</subfield>
  </datafield>
  <datafield tag="670" ind1=" " ind2=" ">
    <subfield code="a">www(VD17)</subfield>
    <subfield code="b">seznam publikací popisované osoby</subfield>
  </datafield>
  <datafield tag="670" ind1=" " ind2=" ">
    <subfield code="a">www(VD18)</subfield>
    <subfield code="b">seznam publikací popisované osoby</subfield>
  </datafield>
  <datafield tag="678" ind1="0" ind2=" ">
    <subfield code="a">Německý nakladatel a též grafik, mědirytec a knižní ilustrátor působící v letech 1682-1708 v Jeně.</subfield>
  </datafield>
  <datafield tag="906" ind1=" " ind2=" ">
    <subfield code="a">za20201120</subfield>
    <subfield code="b">evbr</subfield>
  </datafield>
  <datafield tag="906" ind1=" " ind2=" ">
    <subfield code="a">ko20201120</subfield>
    <subfield code="b">evbr</subfield>
  </datafield>
</record>