

<record>
  <leader>     nz  a22     n  4500</leader>
  <controlfield tag="001">kon20201093563</controlfield>
  <controlfield tag="003">CZ PrNK</controlfield>
  <controlfield tag="005">20201120104653.0</controlfield>
  <controlfield tag="008">201120|n|aznnnaabn           n a|a      </controlfield>
  <datafield tag="040" ind1=" " ind2=" ">
    <subfield code="a">ABA001</subfield>
    <subfield code="b">cze</subfield>
    <subfield code="e">rda</subfield>
  </datafield>
  <datafield tag="110" ind1="2" ind2=" ">
    <subfield code="a">Pražský dobročinný spolek pro ohřívárny.</subfield>
    <subfield code="t">Výroční zpráva (Pražský dobročinný spolek pro ohřívárny)</subfield>
    <subfield code="7">kon20201093563</subfield>
  </datafield>
  <datafield tag="410" ind1="2" ind2=" ">
    <subfield code="a">Pražský dobročinný spolek pro ohřívárny.</subfield>
    <subfield code="t">Výroční zpráva Pražského dobročinného spolku pro ohřívárny pod protektorátem Její Výsosti nejjasnější paní Žofie vévodkyně z Hohenbergů</subfield>
    <subfield code="0">o</subfield>
  </datafield>
  <datafield tag="670" ind1=" " ind2=" ">
    <subfield code="a">... výroční zpráva Pražského dobročinného spolku pro ohřívárny pod protektorátem Její Výsosti nejjasnější paní Žofie vévodkyně z Hohenbergů. [Praha] : [nakladatel není známý], [1906?]-[1912?]</subfield>
  </datafield>
  <datafield tag="906" ind1=" " ind2=" ">
    <subfield code="a">br20201120</subfield>
    <subfield code="b">juri</subfield>
  </datafield>
  <datafield tag="906" ind1=" " ind2=" ">
    <subfield code="a">ks20201120</subfield>
    <subfield code="b">juri</subfield>
  </datafield>
</record>