

<record>
  <leader>     nz  a22     n  4500</leader>
  <datafield tag="900" ind1=" " ind2=" ">
    <subfield code="a">J-NÁVRH-STT</subfield>
  </datafield>
  <controlfield tag="001">ntk20201093571</controlfield>
  <controlfield tag="003">CZ PrNK</controlfield>
  <controlfield tag="005">20201120180208.0</controlfield>
  <controlfield tag="008">201120|n|aznnnaabn           n a|a      </controlfield>
  <datafield tag="024" ind1="7" ind2=" ">
    <subfield code="a">0000000025980245</subfield>
    <subfield code="2">isni</subfield>
  </datafield>
  <datafield tag="040" ind1=" " ind2=" ">
    <subfield code="a">ABA013</subfield>
    <subfield code="b">cze</subfield>
    <subfield code="e">rda</subfield>
  </datafield>
  <datafield tag="046" ind1=" " ind2=" ">
    <subfield code="f">1654</subfield>
    <subfield code="g">1724</subfield>
  </datafield>
  <datafield tag="100" ind1="1" ind2=" ">
    <subfield code="a">Busse, Martin,</subfield>
    <subfield code="d">1654-1724</subfield>
    <subfield code="7">ntk20201093571</subfield>
  </datafield>
  <datafield tag="368" ind1=" " ind2=" ">
    <subfield code="d">Magister</subfield>
    <subfield code="s">1679</subfield>
  </datafield>
  <datafield tag="370" ind1=" " ind2=" ">
    <subfield code="a">Alt-Kölln, Berlín, Německo</subfield>
    <subfield code="c">Německo</subfield>
    <subfield code="f">Berlín, Německo</subfield>
    <subfield code="f">Cottbus, Německo</subfield>
    <subfield code="f">Lipsko, Německo</subfield>
    <subfield code="f">Frankfurt nad Odrou, Německo</subfield>
  </datafield>
  <datafield tag="372" ind1=" " ind2=" ">
    <subfield code="a">pedagogika</subfield>
    <subfield code="a">vzdělávání</subfield>
    <subfield code="a">středoškolské studium</subfield>
    <subfield code="a">gymnázia</subfield>
  </datafield>
  <datafield tag="373" ind1=" " ind2=" ">
    <subfield code="a">Universität Leipzig (1409-1953)</subfield>
  </datafield>
  <datafield tag="373" ind1=" " ind2=" ">
    <subfield code="a">Universität Frankfurt an der Oder</subfield>
    <subfield code="t">1679</subfield>
    <subfield code="2">LC (Names)</subfield>
  </datafield>
  <datafield tag="373" ind1=" " ind2=" ">
    <subfield code="a">Berlinisches Gymnasium zum Grauen Kloster (Germany)</subfield>
    <subfield code="s">1678</subfield>
    <subfield code="t">1681</subfield>
    <subfield code="2">LC (Names)</subfield>
  </datafield>
  <datafield tag="374" ind1=" " ind2=" ">
    <subfield code="a">pedagogové</subfield>
    <subfield code="a">středoškolští učitelé</subfield>
    <subfield code="a">rektoři</subfield>
  </datafield>
  <datafield tag="375" ind1=" " ind2=" ">
    <subfield code="a">muž</subfield>
  </datafield>
  <datafield tag="377" ind1=" " ind2=" ">
    <subfield code="a">lat</subfield>
    <subfield code="a">ger</subfield>
  </datafield>
  <datafield tag="400" ind1="1" ind2=" ">
    <subfield code="a">Busse, Martinus,</subfield>
    <subfield code="d">1654-1724</subfield>
    <subfield code="0">o</subfield>
  </datafield>
  <datafield tag="400" ind1="1" ind2=" ">
    <subfield code="a">Bussius, Martinus,</subfield>
    <subfield code="d">1654-1724</subfield>
    <subfield code="0">o</subfield>
  </datafield>
  <datafield tag="400" ind1="1" ind2=" ">
    <subfield code="a">Busse Sprea-Coloniensis, Martinus,</subfield>
    <subfield code="d">1654-1724</subfield>
    <subfield code="0">o</subfield>
  </datafield>
  <datafield tag="667" ind1=" " ind2=" ">
    <subfield code="a">http://d-nb.info/gnd/124939775.</subfield>
  </datafield>
  <datafield tag="670" ind1=" " ind2=" ">
    <subfield code="a">Q. D. B. V. DISSERTATIO ACADEMICA DE BAROMETRIS, QUAM, PRAESIDE GEORGIO ALBERTO HAMBERGERO ... Ad Diem XXIII. Martii Anno MDCCI. ... publice placideqve examinandam proponit JOANNES CRÜGERUS, ... JENÆ: LITTERIS GOLLNERIANIS, [1701]. [Dedikace]: DN. M. MARTINO BUSSIO, Rectori Lycei Cotbusiensis ...</subfield>
    <subfield code="b">odkaz viz</subfield>
    <subfield code="u">http://digital.slub-dresden.de/id433797312</subfield>
  </datafield>
  <datafield tag="670" ind1=" " ind2=" ">
    <subfield code="a">DNB, cit. 20. 11. 2020</subfield>
    <subfield code="b">autoritní forma, odkazy viz, datum a místo narození a úmrtí</subfield>
    <subfield code="u">http://d-nb.info/gnd/124939775</subfield>
  </datafield>
  <datafield tag="670" ind1=" " ind2=" ">
    <subfield code="a">ABES, cit. 20. 11. 2020</subfield>
    <subfield code="b">odkaz viz, pole 375</subfield>
    <subfield code="u">https://www.idref.fr/244963517</subfield>
  </datafield>
  <datafield tag="678" ind1="0" ind2=" ">
    <subfield code="a">Německý pedagog. Studoval na Lipské univerzitě a na Univerzitě ve Frankfurtu nad Odrou, kde získal titul Magistra (1679). V letech 1678-1681 vyučoval a byl zástupcem rektora na Berlínském gymnáziu, později byl rektorem na Cottbuském gymnáziu. V publikacích je uveden též v roli dedikanta.</subfield>
  </datafield>
  <datafield tag="906" ind1=" " ind2=" ">
    <subfield code="a">za20201120</subfield>
    <subfield code="b">evbr</subfield>
  </datafield>
  <datafield tag="906" ind1=" " ind2=" ">
    <subfield code="a">ko20201120</subfield>
    <subfield code="b">evbr</subfield>
  </datafield>
</record>