

<record>
  <leader>     nz  a22     n  4500</leader>
  <controlfield tag="001">kon20201093574</controlfield>
  <controlfield tag="003">CZ PrNK</controlfield>
  <controlfield tag="005">20201120112355.0</controlfield>
  <controlfield tag="008">201120|n|aznnnaabn           n a|a      </controlfield>
  <datafield tag="040" ind1=" " ind2=" ">
    <subfield code="a">ABA001</subfield>
    <subfield code="b">cze</subfield>
    <subfield code="e">rda</subfield>
  </datafield>
  <datafield tag="110" ind1="2" ind2=" ">
    <subfield code="a">První pražský spolek vojenských vysloužilců.</subfield>
    <subfield code="t">Výroční zpráva (První pražský spolek vojenských vysloužilců)</subfield>
    <subfield code="7">kon20201093574</subfield>
  </datafield>
  <datafield tag="410" ind1="2" ind2=" ">
    <subfield code="a">První pražský spolek vojenských vysloužilců.</subfield>
    <subfield code="t">Výroční zpráva a závěrek účtů I. pražského spolku vojenských vysloužilců, jehož ochráncem jest Jeho císařská Výsost pan arcivévoda korunní princ Rudolf</subfield>
    <subfield code="0">o</subfield>
  </datafield>
  <datafield tag="410" ind1="2" ind2=" ">
    <subfield code="a">První pražský spolek vojenských vysloužilců.</subfield>
    <subfield code="t">Výroční zpráva a závěrečné účty Arcivévody Františka Ferdinanda z Rakous-Este Prvého pražského spolku vojenských vysloužilců</subfield>
    <subfield code="0">o</subfield>
  </datafield>
  <datafield tag="670" ind1=" " ind2=" ">
    <subfield code="a">... výroční zpráva a závěrek účtů I. pražského spolku vojenských vysloužilců, jehož ochráncem jest Jeho císařská Výsost pan arcivévoda korunní princ Rudolf. [Praha] : nákladem vlastním, [1871-1890?]</subfield>
  </datafield>
  <datafield tag="906" ind1=" " ind2=" ">
    <subfield code="a">br20201120</subfield>
    <subfield code="b">juri</subfield>
  </datafield>
  <datafield tag="906" ind1=" " ind2=" ">
    <subfield code="a">ks20201120</subfield>
    <subfield code="b">juri</subfield>
  </datafield>
</record>