

<record>
  <leader>     nz  a22     n  4500</leader>
  <controlfield tag="001">kon20201093576</controlfield>
  <controlfield tag="003">CZ PrNK</controlfield>
  <controlfield tag="005">20201120112645.0</controlfield>
  <controlfield tag="008">201120|n|aznnnaabn           n a|a      </controlfield>
  <datafield tag="040" ind1=" " ind2=" ">
    <subfield code="a">ABA001</subfield>
    <subfield code="b">cze</subfield>
    <subfield code="e">rda</subfield>
  </datafield>
  <datafield tag="110" ind1="2" ind2=" ">
    <subfield code="a">První pražský spolek vojenských vysloužilců.</subfield>
    <subfield code="t">Výroční zpráva (První pražský spolek vojenských vysloužilců).</subfield>
    <subfield code="l">Německy</subfield>
    <subfield code="7">kon20201093576</subfield>
  </datafield>
  <datafield tag="410" ind1="2" ind2=" ">
    <subfield code="a">První pražský spolek vojenských vysloužilců.</subfield>
    <subfield code="t">Jahresbericht und Rechnungsabschluss des unter dem Protectorate Seiner Kaiserlichen Hoheit des durchlauchtigsten Herrn Kronprinzen Erzherzog Rudolf stehenden I. Prager Militär-Veteranen-Vereins</subfield>
    <subfield code="0">o</subfield>
  </datafield>
  <datafield tag="410" ind1="2" ind2=" ">
    <subfield code="a">První pražský spolek vojenských vysloužilců.</subfield>
    <subfield code="t">Jahres-Bericht und Rechnungs-Abschluss des Erzherzog Franz-Ferdinand von Oesterreich-Este Ersten Prager Militär-Veteranen-Vereines</subfield>
    <subfield code="0">o</subfield>
  </datafield>
  <datafield tag="670" ind1=" " ind2=" ">
    <subfield code="a">... výroční zpráva a závěrek účtů I. pražského spolku vojenských vysloužilců, jehož ochráncem jest Jeho císařská Výsost pan arcivévoda korunní princ Rudolf. [Praha] : nákladem vlastním, [1871-1890?]</subfield>
  </datafield>
  <datafield tag="906" ind1=" " ind2=" ">
    <subfield code="a">br20201120</subfield>
    <subfield code="b">juri</subfield>
  </datafield>
  <datafield tag="906" ind1=" " ind2=" ">
    <subfield code="a">ks20201120</subfield>
    <subfield code="b">juri</subfield>
  </datafield>
</record>