

<record>
  <leader>     nz  a22     n  4500</leader>
  <datafield tag="900" ind1=" " ind2=" ">
    <subfield code="a">J-NÁVRH</subfield>
  </datafield>
  <controlfield tag="001">uk20201093581</controlfield>
  <controlfield tag="003">CZ PrNK</controlfield>
  <controlfield tag="005">20201120113236.0</controlfield>
  <controlfield tag="008">201120|n|aznnnaabn           n a|a      </controlfield>
  <datafield tag="040" ind1=" " ind2=" ">
    <subfield code="a">ABD156</subfield>
    <subfield code="b">cze</subfield>
    <subfield code="e">rda</subfield>
  </datafield>
  <datafield tag="046" ind1=" " ind2=" ">
    <subfield code="f">1960</subfield>
  </datafield>
  <datafield tag="100" ind1="1" ind2=" ">
    <subfield code="a">Mikulecká, Eva,</subfield>
    <subfield code="d">1960-</subfield>
    <subfield code="7">uk20201093581</subfield>
  </datafield>
  <datafield tag="368" ind1=" " ind2=" ">
    <subfield code="d">Mgr.</subfield>
  </datafield>
  <datafield tag="370" ind1=" " ind2=" ">
    <subfield code="a">Praha, Česko</subfield>
    <subfield code="c">Česko</subfield>
  </datafield>
  <datafield tag="372" ind1=" " ind2=" ">
    <subfield code="a">služby v církvi</subfield>
    <subfield code="a">ekumenismus</subfield>
    <subfield code="a">sociální práce</subfield>
    <subfield code="a">práce s mládeží</subfield>
  </datafield>
  <datafield tag="373" ind1=" " ind2=" ">
    <subfield code="a">Církev československá husitská</subfield>
  </datafield>
  <datafield tag="374" ind1=" " ind2=" ">
    <subfield code="a">farářky</subfield>
    <subfield code="a">sociální pracovnice</subfield>
  </datafield>
  <datafield tag="375" ind1=" " ind2=" ">
    <subfield code="a">žena</subfield>
  </datafield>
  <datafield tag="377" ind1=" " ind2=" ">
    <subfield code="a">cze</subfield>
  </datafield>
  <datafield tag="670" ind1=" " ind2=" ">
    <subfield code="a">Mikulecká, Eva: Bohoslužba doby husitské. In: Theologická revue, roč. 57, č. 6 (1986), s. 181-182</subfield>
  </datafield>
  <datafield tag="670" ind1=" " ind2=" ">
    <subfield code="a">Biografický slovník Církve československé husitské (editoři: Martin Jindra, Marcel Sladkowski), 2020</subfield>
    <subfield code="b">autoritní forma, datum narození, biografické údaje</subfield>
  </datafield>
  <datafield tag="670" ind1=" " ind2=" ">
    <subfield code="a">www(Pražská diecéze Církve československé husitské), cit. 20. 11. 2020</subfield>
    <subfield code="b">biografické údaje</subfield>
  </datafield>
  <datafield tag="678" ind1="0" ind2=" ">
    <subfield code="a">Narozena 11. 5. 1960 v Praze, Mgr., farářka Církve československé husitské v Praze-Michli (od roku 1990, vikářka, předsedkyně vikariátu Praha-východ, tajemnice ústřední rady, ekumenická pracovnice, zahraniční korespondentka Ekumenické mládežové rady Evropy (EYCE), prezidentka EYCE (1991-1993), zakladatelka mezinárodní organizace Network for Youth Action (ENYA); sociální pracovnice, věnuje se sociální práci s mládeží opuštějící dětské domovy, spolurealizátorka stavby domu na půli cesty Maják (2007), zakladatelka a ředitelka obecně prospěšné společnosti Ekumenická síť pro aktivity mladých.</subfield>
  </datafield>
  <datafield tag="906" ind1=" " ind2=" ">
    <subfield code="a">za20201120</subfield>
    <subfield code="b">ruzena</subfield>
  </datafield>
</record>