

<record>
  <leader>     nz  a22     n  4500</leader>
  <controlfield tag="001">kon20201093589</controlfield>
  <controlfield tag="003">CZ PrNK</controlfield>
  <controlfield tag="005">20201120121420.0</controlfield>
  <controlfield tag="008">201120|n|aznnnaabn           n a|a      </controlfield>
  <datafield tag="040" ind1=" " ind2=" ">
    <subfield code="a">ABA001</subfield>
    <subfield code="b">cze</subfield>
    <subfield code="e">rda</subfield>
  </datafield>
  <datafield tag="110" ind1="2" ind2=" ">
    <subfield code="a">Deutscher Sängerbund in Böhmen.</subfield>
    <subfield code="t">Výroční zpráva (Deutscher Sängerbund in Böhmen).</subfield>
    <subfield code="l">Německy</subfield>
    <subfield code="7">kon20201093589</subfield>
  </datafield>
  <datafield tag="410" ind1="2" ind2=" ">
    <subfield code="a">Deutscher Sängerbund in Böhmen.</subfield>
    <subfield code="t">Geschäfts-Bericht des Deutschen Sängerbundes in Böhmen</subfield>
    <subfield code="0">o</subfield>
  </datafield>
  <datafield tag="670" ind1=" " ind2=" ">
    <subfield code="a">Geschäfts-Bericht des Deutschen Sängerbundes in Böhmen. Prag : Verlag des Deutschen Sängerbundes im Böhmen, [1864-1914?]</subfield>
  </datafield>
  <datafield tag="906" ind1=" " ind2=" ">
    <subfield code="a">br20201120</subfield>
    <subfield code="b">juri</subfield>
  </datafield>
  <datafield tag="906" ind1=" " ind2=" ">
    <subfield code="a">ks20201120</subfield>
    <subfield code="b">juri</subfield>
  </datafield>
</record>