

<record>
  <leader>     nz  a22     n  4500</leader>
  <controlfield tag="001">kon20201093591</controlfield>
  <controlfield tag="003">CZ PrNK</controlfield>
  <controlfield tag="005">20201120122539.0</controlfield>
  <controlfield tag="008">201120|n|aznnnaabn           n a|a      </controlfield>
  <datafield tag="040" ind1=" " ind2=" ">
    <subfield code="a">ABA001</subfield>
    <subfield code="b">cze</subfield>
    <subfield code="e">rda</subfield>
  </datafield>
  <datafield tag="110" ind1="2" ind2=" ">
    <subfield code="a">Československý vědecký ústav vojenský.</subfield>
    <subfield code="t">Výroční zpráva (Československý vědecký ústav vojenský)</subfield>
    <subfield code="7">kon20201093591</subfield>
  </datafield>
  <datafield tag="410" ind1="2" ind2=" ">
    <subfield code="a">Československý vědecký ústav vojenský.</subfield>
    <subfield code="t">Výroční zpráva o činnosti Vojenského ústavu vědeckého</subfield>
    <subfield code="0">o</subfield>
  </datafield>
  <datafield tag="670" ind1=" " ind2=" ">
    <subfield code="a">Výroční zpráva o činnosti Vojenského ústavu vědeckého v pracovním období 1937/38. In: Zprávy z Vědeckého ústavu vojenského. Praha : Vědecký ústav vojenský, 1935-1939</subfield>
  </datafield>
  <datafield tag="906" ind1=" " ind2=" ">
    <subfield code="a">br20201120</subfield>
    <subfield code="b">juri</subfield>
  </datafield>
  <datafield tag="906" ind1=" " ind2=" ">
    <subfield code="a">ks20201120</subfield>
    <subfield code="b">juri</subfield>
  </datafield>
</record>