

<record>
  <leader>     nz  a22     n  4500</leader>
  <datafield tag="900" ind1=" " ind2=" ">
    <subfield code="a">J-NÁVRH</subfield>
  </datafield>
  <controlfield tag="001">xx0254250</controlfield>
  <controlfield tag="003">CZ PrNK</controlfield>
  <controlfield tag="005">20201120122039.6</controlfield>
  <controlfield tag="008">201120|n|aznnnaabn           n a|a      </controlfield>
  <datafield tag="040" ind1=" " ind2=" ">
    <subfield code="a">ABA008</subfield>
    <subfield code="b">cze</subfield>
    <subfield code="e">rda</subfield>
  </datafield>
  <datafield tag="100" ind1="1" ind2=" ">
    <subfield code="a">Šutajová, Lucia</subfield>
    <subfield code="7">xx0254250</subfield>
  </datafield>
  <datafield tag="368" ind1=" " ind2=" ">
    <subfield code="d">MUDr.</subfield>
  </datafield>
  <datafield tag="370" ind1=" " ind2=" ">
    <subfield code="c">Slovensko</subfield>
  </datafield>
  <datafield tag="372" ind1=" " ind2=" ">
    <subfield code="a">lékařství</subfield>
    <subfield code="a">pneumologie</subfield>
    <subfield code="a">pediatrie</subfield>
    <subfield code="a">dětská pneumologie</subfield>
  </datafield>
  <datafield tag="374" ind1=" " ind2=" ">
    <subfield code="a">lékařky</subfield>
  </datafield>
  <datafield tag="375" ind1=" " ind2=" ">
    <subfield code="a">žena</subfield>
  </datafield>
  <datafield tag="377" ind1=" " ind2=" ">
    <subfield code="a">slo</subfield>
  </datafield>
  <datafield tag="400" ind1="1" ind2=" ">
    <subfield code="w">r</subfield>
    <subfield code="i">Rodné jméno:</subfield>
    <subfield code="a">Breznoščáková, Lucia</subfield>
    <subfield code="0">o</subfield>
  </datafield>
  <datafield tag="670" ind1=" " ind2=" ">
    <subfield code="a">Šutajová, L.: Úloha funkčného vyšetrenia pľúc v detskej pneumológii. Československá pediatrie, 2009, roč. 64, č. 11, s. 523.</subfield>
    <subfield code="b">pracoviště</subfield>
  </datafield>
  <datafield tag="670" ind1=" " ind2=" ">
    <subfield code="a">www(Národný ústav detskej tuberkulózy a respiračných chorôb Dolný Smokovec), cit. 20. 11. 2020</subfield>
    <subfield code="b">jméno, titul MUDr.</subfield>
  </datafield>
  <datafield tag="670" ind1=" " ind2=" ">
    <subfield code="a">www(Prešovský samosprávny kraj), cit. 20. 11. 2020</subfield>
    <subfield code="b">odkaz viz</subfield>
  </datafield>
  <datafield tag="675" ind1=" " ind2=" ">
    <subfield code="a">SNK, cit. 20. 11. 2020</subfield>
    <subfield code="a">SKK SR, cit. 20. 11. 2020</subfield>
  </datafield>
  <datafield tag="678" ind1="0" ind2=" ">
    <subfield code="a">MUDr., lékařka, publikace v oboru dětská pneumologie (Národný ústav detskej tuberkulózy a respiračných chorôb, Dolný Smokovec, Slovensko).</subfield>
  </datafield>
  <datafield tag="906" ind1=" " ind2=" ">
    <subfield code="a">za20201120</subfield>
    <subfield code="b">xdapi</subfield>
  </datafield>
</record>