

<record>
  <leader>     nz  a22     n  4500</leader>
  <datafield tag="900" ind1=" " ind2=" ">
    <subfield code="a">J-NÁVRH</subfield>
  </datafield>
  <controlfield tag="001">uk20201093595</controlfield>
  <controlfield tag="003">CZ PrNK</controlfield>
  <controlfield tag="005">20201120123414.0</controlfield>
  <controlfield tag="008">201120|n|aznnnaabn           n a|a      </controlfield>
  <datafield tag="040" ind1=" " ind2=" ">
    <subfield code="a">ABD156</subfield>
    <subfield code="b">cze</subfield>
    <subfield code="e">rda</subfield>
  </datafield>
  <datafield tag="046" ind1=" " ind2=" ">
    <subfield code="f">1925</subfield>
    <subfield code="g">2001</subfield>
  </datafield>
  <datafield tag="100" ind1="1" ind2=" ">
    <subfield code="a">Mikulecká, Milena,</subfield>
    <subfield code="d">1925-2001</subfield>
    <subfield code="7">uk20201093595</subfield>
  </datafield>
  <datafield tag="370" ind1=" " ind2=" ">
    <subfield code="a">Praha, Česko</subfield>
    <subfield code="b">Praha, Česko</subfield>
    <subfield code="c">Česko</subfield>
  </datafield>
  <datafield tag="372" ind1=" " ind2=" ">
    <subfield code="a">pastorační péče</subfield>
    <subfield code="a">zdravotnický výzkum</subfield>
    <subfield code="a">práce s mládeží</subfield>
    <subfield code="a">redakční práce</subfield>
    <subfield code="a">ekonomické činnosti</subfield>
    <subfield code="a">náboženské vzdělávání</subfield>
  </datafield>
  <datafield tag="374" ind1=" " ind2=" ">
    <subfield code="a">editorky</subfield>
    <subfield code="a">zdravotnické pracovnice</subfield>
    <subfield code="a">učitelky</subfield>
  </datafield>
  <datafield tag="375" ind1=" " ind2=" ">
    <subfield code="a">žena</subfield>
  </datafield>
  <datafield tag="377" ind1=" " ind2=" ">
    <subfield code="a">cze</subfield>
  </datafield>
  <datafield tag="400" ind1="1" ind2=" ">
    <subfield code="w">r</subfield>
    <subfield code="i">Rodné jméno:</subfield>
    <subfield code="a">Míchalová, Milena,</subfield>
    <subfield code="d">1925-2001</subfield>
    <subfield code="0">o</subfield>
  </datafield>
  <datafield tag="670" ind1=" " ind2=" ">
    <subfield code="a">František Bílek v Církvi československé husitské (úvod, popisy prací a katalog Milena Mikulecká ; výběr citací z Bílkovy korespondence a literárního díla Lubomír Netušil), 2000</subfield>
  </datafield>
  <datafield tag="670" ind1=" " ind2=" ">
    <subfield code="a">Biografický slovník Církve československé husitské (editoři: Martin Jindra, Marcel Sladkowski), 2020</subfield>
    <subfield code="b">autoritní forma, odkaz viz, data, biografické údaje</subfield>
  </datafield>
  <datafield tag="678" ind1="0" ind2=" ">
    <subfield code="a">Narozena 18. 5. 1925 v Praze, zemřela 24. 3. 2001 v Praze, učitelka náboženství v Praze-Braníku (50. léta), organizátorka kurzů duchovní péče v Nové Vsi nad Nisou, hospodářská pracovnice v Thomayerově nemocnici v Praze, výzkumná pracovnice v oboru nehodovosti v IKEMu a v Institutu hygieny a epidemiologie, organizátorka církevních táborů ve Zlaté Olešnici (60-70. léta 20. století); editorka souborného katalogu děl sochaře Františka Bílka (1872-1941) ve sborech a modlitebnách CČSH; manželka faráře Církve československé husitské Václava Mikuleckého (1921-1973), matka farářky CČSH Evy Mikulecké (1960-).</subfield>
  </datafield>
  <datafield tag="906" ind1=" " ind2=" ">
    <subfield code="a">za20201120</subfield>
    <subfield code="b">ruzena</subfield>
  </datafield>
</record>