

<record>
  <leader>     cz  a22     n  4500</leader>
  <controlfield tag="001">xx0254257</controlfield>
  <controlfield tag="003">CZ PrNK</controlfield>
  <controlfield tag="005">20201120134719.0</controlfield>
  <controlfield tag="008">201120|n|aznnnaabn           n a|a      </controlfield>
  <datafield tag="040" ind1=" " ind2=" ">
    <subfield code="a">ABE370</subfield>
    <subfield code="b">cze</subfield>
    <subfield code="d">ABA001</subfield>
    <subfield code="e">rda</subfield>
  </datafield>
  <datafield tag="110" ind1="2" ind2=" ">
    <subfield code="a">Brno Contemporary Orchestra</subfield>
    <subfield code="7">xx0254257</subfield>
  </datafield>
  <datafield tag="368" ind1=" " ind2=" ">
    <subfield code="a">orchestry</subfield>
    <subfield code="s">2011</subfield>
  </datafield>
  <datafield tag="370" ind1=" " ind2=" ">
    <subfield code="c">Česko</subfield>
    <subfield code="e">Brno, Česko</subfield>
  </datafield>
  <datafield tag="372" ind1=" " ind2=" ">
    <subfield code="a">hudba</subfield>
  </datafield>
  <datafield tag="377" ind1=" " ind2=" ">
    <subfield code="a">cze</subfield>
  </datafield>
  <datafield tag="410" ind1="2" ind2=" ">
    <subfield code="a">BCO</subfield>
    <subfield code="0">o</subfield>
  </datafield>
  <datafield tag="670" ind1=" " ind2=" ">
    <subfield code="a">Brněnská kompoziční škola na přelomu 20. a 21. století : interpretační poznámky ke skladbám nastudovaným a interpretovaným ansámblem BCO (Brno Contemporary Orchestra), 2014</subfield>
  </datafield>
  <datafield tag="670" ind1=" " ind2=" ">
    <subfield code="a">www(Brno Contemporary Orchestra), cit. 20. 11. 2020</subfield>
    <subfield code="b">autoritní forma, datum založení</subfield>
    <subfield code="u">https://www.bcorchestra.cz/en/</subfield>
  </datafield>
  <datafield tag="678" ind1=" " ind2=" ">
    <subfield code="a">Soubor byl založen v roce 2011 s cílem hrát současnou světovou hudbu v Česku a českou hudbu po celém světě (s přesahy k hudbě 20. století).</subfield>
  </datafield>
  <datafield tag="906" ind1=" " ind2=" ">
    <subfield code="a">za20201120</subfield>
    <subfield code="b">xdars</subfield>
  </datafield>
  <datafield tag="906" ind1=" " ind2=" ">
    <subfield code="a">op20201120</subfield>
    <subfield code="b">svsv</subfield>
    <subfield code="c">Biografická poznámka - formální oprava; Související místo - doplnění; Jazyk - nově; URL - nově</subfield>
  </datafield>
</record>