

<record>
  <leader>     cz  a22     n  4500</leader>
  <controlfield tag="001">pna20201093611</controlfield>
  <controlfield tag="003">CZ PrNK</controlfield>
  <controlfield tag="005">20201120135135.0</controlfield>
  <controlfield tag="008">201120|n|aznnnaabn           n a|a      </controlfield>
  <datafield tag="040" ind1=" " ind2=" ">
    <subfield code="a">PNA001</subfield>
    <subfield code="b">cze</subfield>
    <subfield code="d">ABA001</subfield>
    <subfield code="e">rda</subfield>
  </datafield>
  <datafield tag="110" ind1="2" ind2=" ">
    <subfield code="a">Masarykova univerzita.</subfield>
    <subfield code="b">Katedra práva</subfield>
    <subfield code="7">pna20201093611</subfield>
  </datafield>
  <datafield tag="368" ind1=" " ind2=" ">
    <subfield code="a">katedry vysokých škol</subfield>
  </datafield>
  <datafield tag="370" ind1=" " ind2=" ">
    <subfield code="c">Česko</subfield>
    <subfield code="e">Brno, Česko</subfield>
  </datafield>
  <datafield tag="372" ind1=" " ind2=" ">
    <subfield code="a">právo</subfield>
    <subfield code="a">vysokoškolské studium</subfield>
  </datafield>
  <datafield tag="377" ind1=" " ind2=" ">
    <subfield code="a">cze</subfield>
  </datafield>
  <datafield tag="410" ind1="2" ind2=" ">
    <subfield code="a">Masarykova univerzita.</subfield>
    <subfield code="b">Ekonomicko-správní fakulta.</subfield>
    <subfield code="b">Katedra práva</subfield>
    <subfield code="0">o</subfield>
  </datafield>
  <datafield tag="670" ind1=" " ind2=" ">
    <subfield code="a">Šedová, Jindřiška - Dvořáková, Petra - Hampl, Filip: Základy práva, 2020</subfield>
  </datafield>
  <datafield tag="670" ind1=" " ind2=" ">
    <subfield code="a">www (Katedra práva | Ekonomicko-správní fakulta MU), cit. 20. 11. 2020</subfield>
  </datafield>
  <datafield tag="906" ind1=" " ind2=" ">
    <subfield code="a">za20201120</subfield>
    <subfield code="b">kali</subfield>
  </datafield>
  <datafield tag="906" ind1=" " ind2=" ">
    <subfield code="a">op20201120</subfield>
    <subfield code="b">svsv</subfield>
    <subfield code="c">Oblast působení - doplnění</subfield>
  </datafield>
</record>