

<record>
  <leader>     nz  a22     n  4500</leader>
  <datafield tag="900" ind1=" " ind2=" ">
    <subfield code="a">*J-NÁVRH</subfield>
  </datafield>
  <controlfield tag="001">osa20201093662</controlfield>
  <controlfield tag="003">CZ PrNK</controlfield>
  <controlfield tag="005">20201120144759.0</controlfield>
  <controlfield tag="008">201120|n|aznnnaabn           n a|a      </controlfield>
  <datafield tag="040" ind1=" " ind2=" ">
    <subfield code="a">OSA001</subfield>
    <subfield code="b">cze</subfield>
    <subfield code="e">rda</subfield>
  </datafield>
  <datafield tag="046" ind1=" " ind2=" ">
    <subfield code="f">1818</subfield>
    <subfield code="g">1912</subfield>
  </datafield>
  <datafield tag="100" ind1="1" ind2=" ">
    <subfield code="a">Wood, Henrietta,</subfield>
    <subfield code="d">asi 1818-1912</subfield>
    <subfield code="7">osa20201093662</subfield>
  </datafield>
  <datafield tag="375" ind1=" " ind2=" ">
    <subfield code="a">žena</subfield>
  </datafield>
  <datafield tag="670" ind1=" " ind2=" ">
    <subfield code="a">McDaniel, W. Caleb: Sweet taste of liberty :a true story of slavery and restitution in America . (2019)</subfield>
    <subfield code="b">Autoritní forma, poznámky.</subfield>
  </datafield>
  <datafield tag="670" ind1=" " ind2=" ">
    <subfield code="a">www (LC Authorities); cit. 20. 11. 2020</subfield>
    <subfield code="b">Autoritní forma, poznámky.</subfield>
  </datafield>
  <datafield tag="678" ind1="0" ind2=" ">
    <subfield code="a">Afroameričanka. Narozena v v státě Kentucky, zemřela v Chicagu 1912. Známá ze soudního sporu Wood-Ward v Cincinnati roku 1878. Vysoudila nejvyšší částku odškodňující otroctví ve Spojených státech amerických.</subfield>
  </datafield>
  <datafield tag="906" ind1=" " ind2=" ">
    <subfield code="a">za20201120</subfield>
    <subfield code="b">KOZE</subfield>
  </datafield>
</record>