

<record>
  <leader>     cz  a22     n  4500</leader>
  <datafield tag="900" ind1=" " ind2=" ">
    <subfield code="a">J-NÁVRH-STT</subfield>
  </datafield>
  <controlfield tag="001">ntk20201093671</controlfield>
  <controlfield tag="003">CZ PrNK</controlfield>
  <controlfield tag="005">20201120180058.0</controlfield>
  <controlfield tag="008">201120|n|aznnnaabn           n a|a      </controlfield>
  <datafield tag="024" ind1="7" ind2=" ">
    <subfield code="a">0000000014493011</subfield>
    <subfield code="2">isni</subfield>
  </datafield>
  <datafield tag="040" ind1=" " ind2=" ">
    <subfield code="a">ABA013</subfield>
    <subfield code="b">cze</subfield>
    <subfield code="e">rda</subfield>
  </datafield>
  <datafield tag="046" ind1=" " ind2=" ">
    <subfield code="s">1682</subfield>
    <subfield code="t">1683</subfield>
  </datafield>
  <datafield tag="100" ind1="1" ind2=" ">
    <subfield code="a">Gerber, Christian Friedrich,</subfield>
    <subfield code="d">činný 1682-1683</subfield>
    <subfield code="7">ntk20201093671</subfield>
  </datafield>
  <datafield tag="MOR" ind1="0" ind2=" ">
    <subfield code="a">Gerber, Jacob Friedrich,</subfield>
    <subfield code="d">činný 1682-1683</subfield>
    <subfield code="7">ntk20201093671</subfield>
  </datafield>
  <datafield tag="368" ind1=" " ind2=" ">
    <subfield code="d">Med.D.</subfield>
    <subfield code="s">1683</subfield>
  </datafield>
  <datafield tag="370" ind1=" " ind2=" ">
    <subfield code="c">Německo</subfield>
    <subfield code="f">Žitava, Německo</subfield>
    <subfield code="f">Jena, Německo</subfield>
  </datafield>
  <datafield tag="372" ind1=" " ind2=" ">
    <subfield code="a">lékařství</subfield>
    <subfield code="a">nemoci</subfield>
    <subfield code="a">pacienti</subfield>
    <subfield code="a">léčitelství</subfield>
  </datafield>
  <datafield tag="373" ind1=" " ind2=" ">
    <subfield code="a">Universität Jena</subfield>
    <subfield code="s">1682</subfield>
    <subfield code="t">1683</subfield>
  </datafield>
  <datafield tag="374" ind1=" " ind2=" ">
    <subfield code="a">lékaři</subfield>
    <subfield code="a">léčitelé</subfield>
  </datafield>
  <datafield tag="377" ind1=" " ind2=" ">
    <subfield code="a">lat</subfield>
  </datafield>
  <datafield tag="400" ind1="1" ind2=" ">
    <subfield code="a">Gerberus, Christianus Fridericus,</subfield>
    <subfield code="d">činný 1682-1683</subfield>
    <subfield code="0">o</subfield>
  </datafield>
  <datafield tag="667" ind1=" " ind2=" ">
    <subfield code="a">http://d-nb.info/gnd/124798950.</subfield>
  </datafield>
  <datafield tag="670" ind1=" " ind2=" ">
    <subfield code="a">Q. D. B. V. DISSERTATIO ACADEMICA DE BAROMETRIS, QUAM, PRAESIDE GEORGIO ALBERTO HAMBERGERO ... Ad Diem XXIII. Martii Anno MDCCI. ... publice placideqve examinandam proponit JOANNES CRÜGERUS, ... JENÆ: LITTERIS GOLLNERIANIS, [1701]. [DEDIKACE]: DN. CHRISTIANO FRIDERICO GERBERO, Med.D &amp; Practico Zittaviensi felicissimo; ...</subfield>
    <subfield code="b">odkaz ciz</subfield>
    <subfield code="u">http://digital.slub-dresden.de/id433797312</subfield>
  </datafield>
  <datafield tag="670" ind1=" " ind2=" ">
    <subfield code="a">DNB, cit. 20. 11. 2020</subfield>
    <subfield code="b">autoritní forma, odkaz viz, data a místo činnosti</subfield>
    <subfield code="u">http://d-nb.info/gnd/124798950</subfield>
  </datafield>
  <datafield tag="670" ind1=" " ind2=" ">
    <subfield code="a">www(WordCat Identities, Gerber, Christian Friedrich), cit. 20. 11. 2020</subfield>
    <subfield code="b">seznam publikací a pole 377</subfield>
    <subfield code="u">https://www.worldcat.org/identities/viaf-60026308/</subfield>
  </datafield>
  <datafield tag="678" ind1="0" ind2=" ">
    <subfield code="a">Německý lékař (Med.D.), pocházející a působící v německé (lužické) Žitavě (Zittau) ve druhé polovině 17. století. Studoval na Jenské univerzitě (obhajoba disertace z oboru lékařství, 1682-1683). V publikacích daného století je uváděn i jako dedikant.</subfield>
  </datafield>
  <datafield tag="906" ind1=" " ind2=" ">
    <subfield code="a">za20201120</subfield>
    <subfield code="b">evbr</subfield>
  </datafield>
  <datafield tag="906" ind1=" " ind2=" ">
    <subfield code="a">oz20201120</subfield>
    <subfield code="b">evbr</subfield>
    <subfield code="c">Záhlaví - oprava jména</subfield>
  </datafield>
</record>