

<record>
  <leader>     nz  a22     n  4500</leader>
  <datafield tag="900" ind1=" " ind2=" ">
    <subfield code="a">J-NÁVRH</subfield>
  </datafield>
  <controlfield tag="001">mub20201093677</controlfield>
  <controlfield tag="003">CZ PrNK</controlfield>
  <controlfield tag="005">20201120183411.0</controlfield>
  <controlfield tag="008">201120|n|aznnnaabn           n a|a      </controlfield>
  <datafield tag="040" ind1=" " ind2=" ">
    <subfield code="a">BOD114</subfield>
    <subfield code="b">cze</subfield>
    <subfield code="e">rda</subfield>
  </datafield>
  <datafield tag="046" ind1=" " ind2=" ">
    <subfield code="f">1940</subfield>
  </datafield>
  <datafield tag="100" ind1="1" ind2=" ">
    <subfield code="a">Żyszkowska, Wiesława,</subfield>
    <subfield code="d">1940-</subfield>
    <subfield code="7">mub20201093677</subfield>
  </datafield>
  <datafield tag="370" ind1=" " ind2=" ">
    <subfield code="c">Polsko</subfield>
  </datafield>
  <datafield tag="372" ind1=" " ind2=" ">
    <subfield code="a">tematická kartografie</subfield>
    <subfield code="a">geografie</subfield>
    <subfield code="a">kartografie</subfield>
  </datafield>
  <datafield tag="374" ind1=" " ind2=" ">
    <subfield code="a">geografky</subfield>
    <subfield code="a">kartografky</subfield>
    <subfield code="a">vysokoškolské učitelky</subfield>
  </datafield>
  <datafield tag="375" ind1=" " ind2=" ">
    <subfield code="a">žena</subfield>
  </datafield>
  <datafield tag="377" ind1=" " ind2=" ">
    <subfield code="a">pol</subfield>
  </datafield>
  <datafield tag="400" ind1="1" ind2=" ">
    <subfield code="a">Żyszkowska, Wiesława Maria,</subfield>
    <subfield code="d">1940-</subfield>
    <subfield code="0">o</subfield>
  </datafield>
  <datafield tag="670" ind1=" " ind2=" ">
    <subfield code="a">Żyszkowska, Wiesława - Spallek, Waldemar: Kartografia tematyczna, 2012</subfield>
  </datafield>
  <datafield tag="670" ind1=" " ind2=" ">
    <subfield code="a">NUKAT, cit. 20. 11. 2020</subfield>
    <subfield code="b">autoritní forma, profesní údaje, datum narození</subfield>
  </datafield>
  <datafield tag="670" ind1=" " ind2=" ">
    <subfield code="a">BNPL, cit. 20. 11. 2020</subfield>
    <subfield code="b">publikační zaměření, odkaz viz</subfield>
  </datafield>
  <datafield tag="670" ind1=" " ind2=" ">
    <subfield code="a">www(Uniwersytet Wrocławski. Instytut Geograficzny), cit. 20. 11. 2020</subfield>
    <subfield code="b">profesní údaje</subfield>
  </datafield>
  <datafield tag="678" ind1="0" ind2=" ">
    <subfield code="a">Polská geografka a kartografka, vysokoškolská pedagožka tematické kartografie.</subfield>
  </datafield>
  <datafield tag="906" ind1=" " ind2=" ">
    <subfield code="a">ko20201120</subfield>
    <subfield code="b">pospel</subfield>
  </datafield>
</record>