

<record>
  <leader>     nz  a22     n  4500</leader>
  <datafield tag="900" ind1=" " ind2=" ">
    <subfield code="a">J-NÁVRH-STT</subfield>
  </datafield>
  <controlfield tag="001">ntk20201093678</controlfield>
  <controlfield tag="003">CZ PrNK</controlfield>
  <controlfield tag="005">20201120184555.0</controlfield>
  <controlfield tag="008">201120|n|aznnnaabn           n a|a      </controlfield>
  <datafield tag="040" ind1=" " ind2=" ">
    <subfield code="a">ABA013</subfield>
    <subfield code="b">cze</subfield>
    <subfield code="e">rda</subfield>
  </datafield>
  <datafield tag="046" ind1=" " ind2=" ">
    <subfield code="s">1677</subfield>
  </datafield>
  <datafield tag="100" ind1="1" ind2=" ">
    <subfield code="a">Hüffner, Matthaeus,</subfield>
    <subfield code="d">činný 1677</subfield>
    <subfield code="7">ntk20201093678</subfield>
  </datafield>
  <datafield tag="368" ind1=" " ind2=" ">
    <subfield code="d">J.U.D.</subfield>
    <subfield code="s">1677</subfield>
  </datafield>
  <datafield tag="370" ind1=" " ind2=" ">
    <subfield code="a">Spremberg, Německo</subfield>
    <subfield code="c">Německo</subfield>
    <subfield code="f">Frankfurt nad Odrou, Německo</subfield>
    <subfield code="f">Spremberg, Německo</subfield>
  </datafield>
  <datafield tag="372" ind1=" " ind2=" ">
    <subfield code="a">právo</subfield>
  </datafield>
  <datafield tag="373" ind1=" " ind2=" ">
    <subfield code="a">Universität Frankfurt an der Oder</subfield>
    <subfield code="s">1677</subfield>
    <subfield code="t">1677</subfield>
  </datafield>
  <datafield tag="374" ind1=" " ind2=" ">
    <subfield code="a">právníci</subfield>
  </datafield>
  <datafield tag="377" ind1=" " ind2=" ">
    <subfield code="a">lat</subfield>
  </datafield>
  <datafield tag="400" ind1="1" ind2=" ">
    <subfield code="a">Hüffner, Matthæus,</subfield>
    <subfield code="d">činný 1677</subfield>
    <subfield code="0">o</subfield>
  </datafield>
  <datafield tag="400" ind1="1" ind2=" ">
    <subfield code="a">Hüffnerus, Matthæus,</subfield>
    <subfield code="d">činný 1677</subfield>
    <subfield code="0">o</subfield>
  </datafield>
  <datafield tag="667" ind1=" " ind2=" ">
    <subfield code="a">http://d-nb.info/gnd/120603543.</subfield>
  </datafield>
  <datafield tag="670" ind1=" " ind2=" ">
    <subfield code="a">Q. D. B. V. DISPUTATIO JURIDICA DE MANDATO SPECIALI, Quam ... PUBLICO ERUDITORUM EXAMINI SISTIT Ad diem Novemb. Anno M.DC.LXXVII. AUTOR &amp; RESPONDENS MATTHÆUS HÜFFNER, Spremberga Lusatus. Francofurti ad Oderam: Typis Hæredum Johannis Ernesti, 1677</subfield>
    <subfield code="b">odkaz viz</subfield>
    <subfield code="u">http://mdz-nbn-resolving.de/urn:nbn:de:bvb:12-bsb10665037-5</subfield>
  </datafield>
  <datafield tag="670" ind1=" " ind2=" ">
    <subfield code="a">Q. D. B. V. DISSERTATIO ACADEMICA DE BAROMETRIS, QUAM, ... publice placideqve examinandam proponit JOANNES CRÜGERUS, ... JENÆ: LITTERIS GOLLNERIANIS, [1701]. [Dedikace]: DN. MATTHÆO HÜFFNERO, J.U.D. &amp; Cancellario Illustrissimi Comitis de Promniz longe meritissimo</subfield>
    <subfield code="b">odkaz viz</subfield>
    <subfield code="u">http://digital.slub-dresden.de/id433797312</subfield>
  </datafield>
  <datafield tag="670" ind1=" " ind2=" ">
    <subfield code="a">DNB, cit. 20. 11. 2020</subfield>
    <subfield code="b">autoritní forma, datum a místo činnosti</subfield>
    <subfield code="u">http://d-nb.info/gnd/120603543</subfield>
  </datafield>
  <datafield tag="670" ind1=" " ind2=" ">
    <subfield code="a">www(WordCat Identities, Hüffner, Matthaeus), cit. 20. 11. 2020</subfield>
    <subfield code="b">seznam publikací a pole 377</subfield>
    <subfield code="u">https://www.worldcat.org/identities/viaf-47596389/</subfield>
  </datafield>
  <datafield tag="678" ind1="0" ind2=" ">
    <subfield code="a">Německý právník (J.U.D.), pocházející z lužického Sprembergu. Doktorský student Univerzity ve Frankfurtu nad Odrou (obhajoba disertace z oboru práva, 1677). V publikacích 17.-18. století bývá uváděn také v roli dedikanta.</subfield>
  </datafield>
  <datafield tag="906" ind1=" " ind2=" ">
    <subfield code="a">za20201120</subfield>
    <subfield code="b">evbr</subfield>
  </datafield>
  <datafield tag="906" ind1=" " ind2=" ">
    <subfield code="a">ko20201120</subfield>
    <subfield code="b">evbr</subfield>
  </datafield>
</record>